2918 4664
236 274 298 340 160
330 257 333 262 ⁸
562 293 587 348 S.
599 292 730 348 Paulini
747 293 866 352 Nolani
882 294 1024 365 episcopi

336 486 474 552 quaeque
496 469 560 534 suis
582 470 703 554 proprie
724 451 805 553 gerit
826 469 876 534 hic
896 470 928 534 in
951 468 1084 552 Sedibus,
1108 469 1207 535 edam.

379 573 460 638 unde
482 573 576 657 igitur
597 574 710 638 faciam
731 573 853 638 texendi
875 574 1020 639 carminis
1042 577 1167 640 orsum?

337 695 415 761 quae
437 676 519 742 bona
540 677 651 742 Felicis
673 677 826 742 reseram?
849 695 927 760 quae
949 679 1049 743 multa
1070 698 1125 762 per
1147 696 1254 743 ornnes

336 782 453 865 passim
476 782 549 866 agit,
572 781 731 864 expediam
753 782 863 866 magis,
886 800 966 847 anne
988 782 1159 847 domestica
1180 782 1278 847 dicam

276 894 315 950 5ο
338 891 477 967 munera,
500 903 631 969 quorum
654 903 710 970 ego
733 904 803 950 snm
826 886 967 970 specialis
990 886 1108 952 debitor
1130 887 1197 951 illi?

336 991 412 1055 haec
434 991 535 1073 potius
556 993 705 1074 repetam,
728 991 805 1055 milri
828 1004 906 1072 quae
928 992 1049 1056 conlata
1071 990 1228 1072 meisque

337 1098 386 1159 set
407 1094 549 1170 memini;
573 1098 604 1159 55
626 1095 696 1176 quia
717 1095 891 1178 praeteritis
914 1095 1013 1179 magis
1035 1095 1089 1159 ille
1109 1093 1225 1158 libellis

337 1199 418 1263 dieta
438 1198 525 1279 mihi,
547 1217 625 1281 quae
647 1199 760 1283 partim
783 1199 850 1263 aliis
872 1199 1084 1282 permixtaque
1106 1197 1195 1262 nobis

336 1302 498 1384 praestitit,
521 1321 557 1367 ex
578 1302 627 1366 his
649 1321 732 1367 nnnc
753 1302 871 1386 opibus,
894 1321 970 1386 quas
992 1302 1119 1386 largiter
1139 1302 1171 1366 in
1193 1318 1249 1365 nos

277 1412 316 1468 55
340 1406 478 1486 contulit,
501 1406 584 1470 hunc
606 1406 709 1470 animo
731 1409 834 1471 texam
849 1405 999 1499 'gratante
1020 1405 1171 1485 libellum,

337 1511 369 1572 55
391 1509 643 1581 contrasolitum
664 1510 749 1576 uario
771 1510 980 1575 modulamine
1002 1527 1130 1590 morem,

337 1615 417 1677 sicot
439 1615 470 1678 55
491 1613 557 1696 ipse
579 1613 655 1678 mihi
676 1614 776 1682 uarias
798 1614 878 1697 parit
899 1612 1042 1679 omnibus
1056 1613 1153 1678 'annis

264 1753 266 1762 ·
337 1717 493 1798 materias,
516 1717 643 1783 mutabo
665 1717 772 1783 modos
795 1718 934 1800 serieque
955 1717 1013 1782 sub
1029 1734 1107 1802 una,

337 1838 399 1885 non
421 1820 561 1885 unasub
584 1823 652 1905 lege
674 1821 739 1886 dati
760 1822 837 1905 pede
859 1822 1003 1887 carminis
1025 1821 1086 1886 ibo.

277 1931 317 1988 60
339 1941 414 1989 nam
435 1925 526 2006 quasi
543 1925 676 2012 *fecundo
699 1925 800 1990 sancti
820 1924 931 1990 Felicis
953 1925 986 1990 in
1008 1943 1081 2009 agro

337 2044 490 2093 emersere
512 2027 706 2109 penitiores,
728 2029 788 2094 duo
810 2029 949 2112 germina
971 2027 1094 2109 omno,

339 2130 468 2196 ancius
491 2149 542 2197 ore
564 2131 625 2215 pio,
647 2131 776 2197 florente
798 2130 924 2198 Suetius
947 2150 1033 2214 aeuo,

339 2239 369 2300 55
390 2235 507 2318 pariter
528 2239 653 2300 sanctae
675 2235 789 2301 matres
812 2236 988 2319 similesque
1009 2237 1142 2320 puellae,

237 2333 239 2338 ’
337 2338 420 2404 Allia
442 2339 541 2426 qualis
563 2342 635 2408 erat
650 2358 735 2405 soror
755 2340 809 2405 illa
831 2340 1020 2405 Philemonis
1046 2341 1120 2404 olim

219 2498 221 2506 .
277 2450 316 2506 65
339 2441 462 2523 nobilis,
484 2444 517 2508 in
539 2443 630 2523 titulo
653 2461 746 2526 quam
769 2444 871 2528 signat
893 2444 1022 2527 epistola
1043 2444 1142 2524 Pauli,

286 2539 288 2542 ’
339 2549 371 2611 55
393 2545 487 2611 simul
508 2547 659 2612 Eunomia
681 2547 813 2612 aeternis
835 2549 898 2611 iam
920 2551 1010 2629 pacta
1031 2547 1136 2631 unago

338 2649 371 2714 in
393 2650 478 2715 caelo
500 2650 656 2731 thalamis,
678 2661 772 2733 qoam
794 2653 902 2716 matris
925 2651 964 2716 ab
986 2651 1080 2716 ubere
1102 2655 1223 2735 raptam

338 2755 450 2819 festino
473 2755 618 2839 placitam
641 2755 701 2821 sibi
723 2754 863 2822 Christus
886 2773 989 2820 amore
1012 2755 1126 2820 dicauit

339 2862 557 2943 unguentoque
579 2859 629 2924 sni
649 2859 783 2943 perfudit
805 2859 948 2940 nominis,
971 2859 1052 2923 unde

180 2981 182 2984 ⁴
280 2969 319 3024 70
342 2962 440 3027 tincta
461 2979 565 3027 comas
588 2963 710 3028 animae
733 2966 763 3028 55
785 2964 898 3028 mentis
921 2965 1014 3046 capnt
1035 2966 1129 3027 uncta
1148 2963 1292 3045 pudicum

340 3065 438 3149 spirat
459 3084 494 3130 eo
517 3084 619 3131 sacros
642 3067 747 3150 sponsi
768 3066 909 3132 caelestis
932 3066 1053 3141 odorem

234 3161 238 3170 '
339 3169 415 3233 haec
436 3170 554 3236 Melani
576 3188 660 3235 soror
682 3174 731 3235 est
752 3170 846 3235 simul
869 3173 900 3235 55
921 3169 1010 3252 quasi
1030 3168 1112 3249 filia·
1126 3169 1212 3234 cuins

340 3273 447 3338 haeret
469 3291 565 3339 ouans
587 3274 676 3339 lateri
697 3291 880 3357 germanum
902 3276 993 3338 nacta
1014 3264 1219 3357 magistrum.v

341 3395 419 3460 quae
442 3378 535 3443 simul
557 3377 702 3442 astrictae
723 3377 834 3443 diuinis
856 3375 979 3442 dotibus
1001 3375 1110 3441 ambae

280 3488 318 3543 75
341 3481 492 3546 uirtutum
514 3482 616 3546 uarias
638 3483 674 3545 ut
695 3481 767 3559 uiua
788 3480 914 3546 monilia
935 3497 1074 3564 gemmas

340 3644 385 3713 54]
403 3643 483 3711 (nnn.
498 3646 521 3707 1,
532 3644 567 3712 a).

280 3792 314 3864 46
326 3806 384 3844 sues
396 3789 439 3845 A¹
496 3789 579 3858 egerit
590 3790 664 3844 Mar.
722 3793 753 3846 51
767 3805 817 3859 que
829 3790 886 3845 AD
945 3792 978 3845 66
991 3789 1064 3857 quasi
1075 3791 1180 3859 scripsi,
1198 3789 1259 3857 qnia
1270 3788 1358 3844 ΑΒΕ

238 3878 272 3934 62
288 3876 428 3932 turtiusll
488 3875 609 3930 florentes
622 3877 651 3935 D
713 3875 814 3930 suerius
830 3876 867 3949 E,
885 3875 997 3929 suetrius
1014 3875 1167 3944 A,-uetrius
1184 3877 1221 3944 D,
1239 3876 1355 3928 suecrius

239 3965 312 4020 Meu.
364 3964 483 4020 inter-63
497 3969 522 4018 ct
538 3964 572 4018 64
584 3969 632 4018 aut
644 3964 677 4017 64
688 3969 713 4026 ct
724 3963 757 4018 65
769 3964 875 4032 cupreos
891 3979 983 4018 uerno
1001 3963 1148 4018 desideum
1165 3968 1248 4017 causet
1266 3962 1354 4031 Micy.

239 4052 272 4105 64
293 4049 587 4119 Apphiacoci.ll1icp
657 4051 690 4104 67
713 4047 745 4102 ab
763 4049 800 4117 E,
820 4047 869 4102 sub
887 4049 944 4103 AD
1011 4050 1044 4103 70
1062 4064 1148 4102 comas
1171 4049 1272 4101 animae
1289 4047 1355 4113 AD,

239 4152 341 4191 comam
358 4138 387 4192 Ε
437 4139 464 4190 55
481 4136 577 4190 mentis
594 4134 680 4204 capud
697 4135 761 4203 AD,
778 4134 879 4189 meritis
897 4134 976 4188 sacris
993 4135 1023 4188 Ε
1076 4134 1167 4188 iuncta
1183 4136 1211 4189 A
1261 4150 1356 4189 uersus

239 4223 576 4279 71-1230m.ADMar.
629 4223 660 4277 71
679 4236 709 4295 eo
729 4223 824 4287 Mino„
842 4221 867 4274 io
885 4222 915 4276 E
