2918 4664
631 292 805 347 Praefatio.
1163 290 1275 345 XXXXI

199 472 345 537 Carmina
367 470 512 534 natalicia
531 469 636 532 decem
656 464 705 531 his
726 465 909 532 editionibus
929 466 1053 548 cognita
1067 464 1274 530 Ludeuicus
1317 462 1409 528 Mur.

156 576 343 642 Antonius
367 572 594 637 Muratorius
617 574 701 634 tomo
724 570 823 652 priore
839 565 1070 631 Aoecdotorom
1085 568 1274 650 (Mediolani,

155 680 237 763 typis
260 677 384 760 Iosephi
406 675 549 740 Pandulfi
572 674 756 739 Malatestae
782 670 875 753 1691)
901 671 1000 735 tribus
1023 672 1111 735 nouis
1134 672 1188 750 XI,
1204 671 1275 752 XII,

156 782 234 846 XIII
251 783 305 864 (=
320 799 413 844 carm.
427 778 478 860 21,
491 776 543 858 22,
555 775 611 861 23)
627 796 662 840 en
678 777 780 842 codice
794 775 1000 840 Ambrosiano
1018 772 1075 859 (A)
1093 776 1177 840 auxit
1190 775 1276 839 inde·

156 905 215 967 que
239 903 362 949 carmen
386 882 427 946 32
450 882 581 962 accepim
611 880 660 944 bis
690 889 779 945 notas
809 881 840 943 et
866 878 1095 943 dissertationes
1121 878 1212 943 XXH
1240 879 1276 943 de

157 988 287 1070 singulis
317 987 380 1050 iere
410 985 560 1068 personis,
590 983 776 1066 quibuscum
804 983 953 1047 Paulinus
986 981 1167 1046 coniunctus
1201 985 1276 1062 erat,

158 1094 210 1155 aut
239 1089 331 1154 rebus
361 1090 457 1173 gestis
489 1107 594 1153 eorum
624 1086 764 1151 subiecit.
807 1085 884 1150 haec
910 1086 1013 1150 omnia
1039 1104 1109 1149 cum
1132 1084 1277 1150 Lebrunii

157 1194 386 1258 commentariis
402 1193 564 1257 coniuncta
578 1191 610 1255 in
627 1190 792 1255 editionem
808 1189 1009 1253 adiuratorio
1029 1192 1176 1268 curatam,
1200 1207 1277 1270 quae

156 1296 296 1361 Veronae
319 1298 399 1379 tppIs
422 1291 563 1378 Dionysii
584 1293 766 1359 Romanuini
790 1290 872 1355 1736
893 1291 1017 1374 prodiit,
1038 1294 1233 1356 transierunt.

203 1425 348 1490 Carmina
375 1425 519 1488 natalicia
541 1424 596 1503 XI,
611 1423 673 1487 XII
696 1426 728 1486 et
748 1421 826 1485 XIII
849 1421 887 1484 D.
903 1421 976 1485 Ioh.
994 1420 1166 1504 Aloysius
1189 1421 1279 1485 Min·
1322 1413 1423 1502 Μίνῳ.

158 1528 293 1611 garelli
321 1528 354 1591 in
384 1523 616 1589 Aoeodotorum
638 1522 805 1610 fasciculo
835 1524 973 1606 (Romae,
997 1527 1111 1608 sumpt.
1134 1524 1279 1590 Venantii

158 1631 329 1695 Monaldini
358 1631 439 1714 typis
470 1630 513 1694 Io.
541 1629 681 1712 Zempel)
712 1625 843 1692 11756
877 1628 1084 1691 emendatiora
1114 1627 1216 1706 edidit,
1246 1628 1278 1691 in

158 1735 216 1797 hac
239 1753 270 1796 re
293 1733 396 1797 codice
411 1733 599 1797 Bononiensi
617 1729 671 1816 (a)
689 1750 773 1795 usus.
810 1733 969 1813 praeterea
987 1732 1088 1794 uarias
1112 1732 1278 1813 scripturas

159 1837 197 1900 ad
220 1838 320 1919 priora
334 1837 458 1900 Paulini
474 1835 610 1899 carmina
626 1853 661 1898 ex
676 1835 777 1899 codice
795 1832 851 1918 (A)
873 1852 944 1896 cum
959 1833 1129 1897 Veronensi
1149 1833 1278 1898 editione

159 1940 272 2004 collata
295 1939 544 2003 communicauit.

203 2069 335 2133 Carmen
358 2067 400 2130 32
423 2071 587 2150 postquam
608 2067 640 2130 in
663 2067 765 2130 codice
787 2065 968 2130 Monacensi
982 2064 1016 2127 D
1037 2066 1199 2130 inuentum
1222 2069 1279 2146 est,

159 2170 315 2235 Bursian
338 2171 369 2235 in
386 2172 507 2253 scriptis
523 2169 696 2234 academiae
713 2170 908 2234 Monacensis
932 2167 1038 2253 (1880,
1054 2170 1079 2233 Ι.
1094 2169 1174 2234 Phil.
1190 2170 1281 2251 phil.-

159 2274 231 2338 hist.
250 2274 294 2339 01.
312 2278 386 2338 tom.
404 2274 429 2355 Ι,
447 2273 479 2358 1)
495 2273 601 2337 multis
617 2273 692 2337 locis
709 2273 907 2337 emendatum
931 2276 961 2336 et
983 2273 1166 2354 explicatum
1181 2274 1280 2337 denuo

160 2378 263 2442 edidit.

206 2506 293 2586 Quod
316 2506 355 2569 ad
378 2506 453 2569 haec
476 2507 614 2569 carmina
636 2505 733 2569 adieci
756 2525 801 2569 nr.
818 2503 944 2569 3310.
961 2505 1280 2587 Brandesiodemum,

161 2611 214 2691 qui
228 2612 299 2690 post
314 2609 479 2673 Morelium
500 2610 533 2672 in
549 2608 593 2673 01.
611 2608 704 2672 Marii
719 2609 850 2672 Victoris
874 2608 1005 2672 editione
1015 2608 1167 2690 =(Parisiis
1185 2607 1280 2692 1500)

162 2717 193 2776 11
219 2711 394 2776 Fabricium
422 2709 519 2796 (Poet.
542 2720 604 2774 cot.
628 2709 733 2774 ecclee.
756 2732 851 2794 oper,
873 2710 1013 2774 Basileac
1037 2709 1128 2791 1564,
1151 2732 1181 2794 p.
1206 2711 1281 2797 782)

161 2817 193 2879 11
216 2814 302 2880 Stud.
318 2815 450 2880 Vindob.
472 2819 546 2878 tom.
567 2815 629 2878 XII
650 2835 679 2896 p.
696 2812 760 2877 280
775 2832 841 2895 sqq.
870 2814 908 2878 ad
933 2815 1059 2879 unicum
1086 2816 1223 2879 codicem
1248 2814 1288 2877 N

161 2919 348 3001 recognocit,
382 2918 506 2981 Paulini
540 2936 607 2981 esse
641 2919 887 2983 demonstratum
925 2921 980 2982 est.
1026 2903 1114 2983 notas
1150 2922 1282 3003 margini

163 3020 345 3102 exemplaris
368 3020 541 3101 Moreliani,
572 3021 652 3102 quod
674 3019 878 3085 bibliothecae
900 3020 1084 3085 Bodleianae
1108 3024 1155 3086 est
1177 3021 1281 3104 (Auct.
1325 3023 1419 3091 Bodl.

163 3123 192 3190 S.
209 3124 246 3188 V.
263 3123 328 3206 30),
352 3124 486 3188 adiectas
506 3124 623 3207 collega
643 3125 776 3207 optImus
797 3123 830 3189 0.
847 3121 980 3189 Schenkl
1002 3144 1123 3189 mecum
1146 3143 1283 3190 commu-

163 3228 287 3292 nicauit.

206 3357 244 3421 In
273 3357 330 3421 hac
357 3356 488 3421 editione
519 3356 635 3420 eisdem
666 3374 742 3438 quas
773 3355 804 3420 11
833 3356 1027 3439 praefatione
1049 3358 1109 3424 uol.
1130 3359 1283 3424 XXVIIII

164 3479 194 3541 p.
210 3459 315 3524 XXVI
337 3460 462 3541 exposui
484 3460 634 3524 adductus
657 3460 758 3524 causis
781 3460 920 3525 ordinem
945 3462 1117 3525 carminum
1139 3480 1157 3526 1
1178 3462 1284 3527 Mura-

167 3563 246 3628 11111
267 3562 446 3629 institutum
467 3562 590 3644 retinui,
612 3563 673 3628 nisi
695 3564 776 3645 quod
797 3582 905 3629 uersus
929 3583 947 3629 1
968 3566 1111 3649 Dungalo
1138 3586 1174 3631 ex
1195 3571 1284 3632 nata-

165 3666 245 3730 liciIs
261 3665 361 3730 adhuc
376 3667 566 3730 conseruatis
582 3666 703 3748 citatos,
724 3684 799 3748 quos
814 3667 866 3731 ille
882 3668 921 3732 ad
935 3668 1095 3752 Rosweydi
1110 3671 1284 3754 exemplum

167 3772 203 3833 ut
232 3767 581 3833 111111111130-34
608 3788 747 3834 seorsum
777 3771 882 3852 edidit,
911 3771 944 3836 in
973 3773 1084 3837 seriem
1114 3775 1284 3839 carminum

167 3889 229 3935 non
250 3872 368 3954 recepi;
391 3872 560 3954 scripturae
582 3890 689 3937 eorum
711 3873 866 3938 1111111111
888 3874 952 3938 suis
975 3875 1050 3940 locis
1066 3877 1186 3941 adlatae
1202 3880 1284 3958 sunt,
1360 3934 1363 3940 .

169 3974 303 4039 natalicii
332 3992 405 4038 uero
434 3975 523 4038 bodie
554 3975 705 4059 deperditi
727 3975 901 4059 fragmenta
922 3981 957 4042 ut
978 3996 1102 4043 carmen
1124 3977 1164 4042 29
1186 3981 1285 4062 posui.

169 4076 330 4141 Muratorii
352 4096 426 4143 uero
449 4078 571 4142 numeri
586 4096 604 4143 a
619 4078 820 4144 Lebrunianis
841 4080 912 4144 inde
935 4099 953 4144 a
974 4082 1110 4147 carmine
1129 4080 1166 4144 18
1189 4084 1286 4149 disce-

170 4182 258 4262 dunt,
284 4184 355 4264 post
380 4181 461 4269 quod
482 4182 534 4246 ille
556 4183 694 4247 carmina
715 4183 775 4247 tria
797 4181 861 4268 (19,
877 4183 928 4266 20,
944 4184 1000 4269 21)
1027 4187 1059 4250 11
1080 4185 1286 4253 Ambrosiano
