2918 4664
160 276 221 341 170
484 294 510 348 S.
522 294 653 348 Paulini
672 294 789 349 Nolani
807 295 951 365 episcopi

174 477 235 532 355
258 472 373 550 quauta
395 486 450 533 suo
472 469 614 533 dominus
637 470 763 534 donauit
785 469 926 535 Christus
949 471 1046 544 amieo

259 576 291 637 et
312 573 389 638 mihi
410 574 568 638 confessor
588 575 705 638 famulo
728 574 896 638 transfudit
918 576 1053 639 alumno.

257 693 335 758 quae
358 676 469 758 quibus
492 677 684 742 anteferam?
708 678 795 743 donis
819 679 950 758 diuersa,
973 679 1027 742 sed
1049 680 1153 760 aequis

257 781 385 864 grandia
405 781 590 865 ponderibus
613 785 798 846 coueurmnt
819 782 927 863 multa,
950 801 1005 846 uec
1028 801 1064 846 ex
1085 782 1133 846 his

258 884 332 966 quid
353 885 453 968 potius
477 903 647 949 memorare
669 885 781 968 legam,
804 886 977 950 discernere
998 886 1128 970 possim3

176 997 237 1079 360
259 989 363 1053 iudicii
385 990 484 1054 facilis
507 990 671 1054 discrimen
694 990 781 1073 copia
802 989 915 1054 turbat.

259 1093 286 1157 si
306 1094 407 1174 prima
428 1096 570 1175 repetens
593 1093 631 1157 ab
654 1093 772 1176 origiue
794 1097 904 1157 cuncta
925 1094 1093 1173 reuoluam‚

259 1213 336 1277 quae
357 1197 472 1280 pietate
494 1197 570 1280 pari,
592 1198 676 1262 uario
699 1196 777 1261 mihi
796 1197 950 1281 praestitit
971 1207 1057 1278 aeuo',

258 1302 330 1363 ante
352 1318 464 1382 queam
486 1300 595 1384 capitis
617 1301 732 1384 proprii
754 1319 915 1365 numerare
937 1299 1063 1385 capillos

258 1422 352 1485 quam
374 1408 428 1468 tua
448 1405 529 1469 circa
550 1422 610 1485 me,
633 1405 718 1470 Felix
739 1404 829 1485 boue,
851 1406 931 1470 dona
952 1405 1075 1469 referre.

176 1515 236 1571 365
302 1512 336 1573 tu
358 1508 436 1572 mihi
458 1508 637 1588 caelestum,
660 1509 687 1573 si
708 1526 831 1593 possem
855 1509 1022 1592 adtingere,
1045 1527 1147 1572 rerum

258 1613 357 1695 prima
379 1613 545 1677 salutiferis
567 1612 667 1677 iecisti
689 1613 809 1689 semina
830 1613 941 1677 causis.

259 1734 331 1780 uam
353 1735 428 1799 puer
450 1717 584 1780 occiduis
607 1715 766 1782 Gallorum
789 1718 936 1781 aduectus
959 1715 996 1780 ab
1020 1716 1090 1797 oris,

258 1823 293 1884 ut
313 1821 448 1901 primum
470 1821 559 1903 tetigi
581 1820 699 1902 trepido
721 1823 776 1885 tua
797 1820 905 1884 limina
926 1838 1044 1904 gressu,

258 1924 437 1988 admiranda
457 1923 566 1988 uidens
589 1942 716 2007 operum
739 1925 922 1989 documenta
943 1941 1101 1989 sacrorum

176 2035 236 2092 370
259 2045 313 2110 pro
334 2027 452 2092 foribus
473 2027 593 2091 feruere
614 2029 686 2108 tuis,
708 2028 762 2093 ubi
785 2046 908 2111 corpore
931 2028 1058 2092 humato

258 2131 408 2196 clauderis
431 2133 462 2195 et
483 2131 601 2196 meritis
624 2131 686 2196 late
709 2132 885 2196 diffunderis
908 2132 989 2212 altis,

257 2238 322 2300 toto
344 2236 434 2300 corde
456 2234 550 2299 fidem
572 2236 667 2300 diuini
688 2237 821 2300 nominis
844 2236 932 2300 hausi

257 2339 350 2422 inque
372 2343 425 2404 tuo
447 2339 585 2423 gaudeus
609 2339 750 2405 adammd
770 2340 888 2404 lumine
910 2339 1076 2405 Christum.

256 2446 288 2508 te
310 2443 386 2508 duco
409 2443 593 2528 fascigerum
616 2444 699 2528 gessi
719 2444 894 2527 primaeuus
920 2444 1068 2509 horrorem

152 2535 236 2609 '375
259 2551 350 2629 teque
373 2565 475 2611 meam
498 2549 676 2612 moderante
698 2565 836 2628 manum,
860 2551 1004 2612 seruante
1027 2548 1168 2627 salutem,

179 2705 183 2710 .
256 2669 352 2733 purus
374 2651 414 2715 ab
436 2651 564 2716 humani
588 2651 714 2733 sanguis
737 2651 911 2715 discrimine
934 2651 1042 2714 mansi.

259 2757 332 2818 tuno
355 2755 448 2818 etiam
470 2756 588 2837 primae
610 2752 751 2839 <puerus>
771 2754 920 2819 libamina
941 2754 1055 2818 barbae

256 2860 330 2922 ante
350 2861 440 2922 tuum
462 2858 572 2922 solium
597 2858 684 2940 quasi
706 2861 737 2922 te
759 2861 902 2940 carpente
924 2858 1056 2931 totondi3

228 2993 231 2999 ·
255 2963 317 3025 iam
340 2964 414 3025 tunc
435 2964 604 3044 praemisso
626 2981 681 3045 per
702 2962 849 3026 honorem
871 2962 996 3045 pignore
1020 2961 1099 3025 sedis

175 3072 237 3129 380
259 3064 424 3148 Campanis
446 3066 593 3130 metanda
614 3065 688 3130 locis
710 3065 886 3132 habitacula
907 3065 969 3146 fixi,

256 3171 288 3233 te
308 3169 458 3234 fundante
480 3169 526 3234 tui
547 3173 679 3235 uentura
700 3169 813 3234 cubilia
834 3170 926 3250 serui,

256 3291 326 3337 curu
349 3274 445 3338 tacita
466 3272 619 3357 inspirans
642 3291 747 3338 curam
770 3274 846 3338 mihi
868 3277 971 3337 mente
992 3273 1113 3337 iuberes

256 3377 372 3441 muniri
394 3377 550 3460 sternique
574 3378 656 3442 uiam
680 3378 718 3442 ad
739 3380 794 3442 tua
816 3380 899 3442 tecta
919 3378 1071 3442 ferentem

258 3481 480 3565 adtiguumque
502 3482 563 3546 tuis
585 3482 676 3564 longo
699 3500 882 3565 consurgere
905 3484 1006 3545 tractu

144 3650 147 3654 ,
174 3593 234 3649 385
258 3584 442 3649 comnibus
465 3585 611 3668 tegimen,
634 3584 691 3648 sub
714 3603 774 3668 quo
796 3587 878 3668 prior
899 3604 973 3649 usus
997 3588 1140 3668 egentum

197 3792 248 3848 356
265 3790 421 3862 transfudit]
438 3791 586 3845 transmisit
603 3794 628 3843 A
682 3793 732 3847 357
746 3797 809 3862 post
826 3791 909 3845 feram
926 3791 1144 3861 iatcmoqats‘onis
1161 3791 1272 3860 uquam

151 3880 234 3948 posui
300 3880 349 3934 361
368 3894 460 3948 repens
478 3879 525 3933 D¹
570 3880 620 3934 363
637 3894 746 3947 queeam
764 3879 793 3933 D
856 3881 906 3934 369
924 3875 1087 3931 ammiranda
1104 3877 1133 3931 D
1200 3875 1273 3932 doci·

155 3968 245 4018 menta
265 3966 322 4019 AD
390 3967 438 4019 371
463 3964 597 4018 diffuderis
619 3966 676 4020 AD
743 3967 793 4021 376
816 3965 922 4033 sanguis
939 3965 1044 4034 scripsi,
1062 3962 1196 4032 sauguinis
1214 3965 1273 4019 AD

154 4051 284 4105 humanae
296 4050 382 4104 caedis
394 4052 462 4106 ceni.
475 4052 548 4105 Mur.
601 4054 650 4106 377
662 4067 758 4120 puerus
770 4051 818 4119 (aa
828 4067 892 4120 puer
904 4055 931 4104 et
941 4052 965 4119 .9)
983 4050 1087 4116 addidi,
1100 4068 1150 4106 oua
1163 4051 1227 4117 AD,
1240 4053 1273 4105 ut

155 4153 212 4191 mos
224 4140 263 4191 est
272 4137 334 4192 add.
345 4138 427 4204 Mun,
437 4137 539 4190 iuuenis
548 4133 610 4192 add.
620 4139 794 4194 chbmea'stcr
825 4173 828 4181 -
839 4140 889 4194 379
898 4137 995 4191 honore
1004 4138 1031 4191 A
1077 4137 1125 4192 381
1137 4135 1176 4189 tui
1187 4138 1272 4205 Mum,

152 4225 196 4276 cui
202 4225 264 4278 AD
308 4226 358 4280 385
368 4223 577 4292 culminibusque
587 4225 615 4278 D
660 4224 731 4292 prior
740 4224 812 4278 uisus
820 4226 856 4293 A,
867 4223 927 4293 plus
938 4240 1006 4277 unus
1019 4224 1086 4279 ceni.
1097 4224 1274 4279 chbuaca'etcr
