<?xml version="1.0" encoding="UTF-8"?>
<!DOCTYPE html PUBLIC "-//W3C//DTD XHTML 1.0 Transitional//EN"
    "http://www.w3.org/TR/xhtml1/DTD/xhtml1-transitional.dtd">
<html xmlns="http://www.w3.org/1999/xhtml" xml:lang="en" lang="en">
 <head>
  <title>
</title>
<meta http-equiv="Content-Type" content="text/html;charset=utf-8" />
  <meta name='ocr-system' content='tesseract 3.04.00' />
  <meta name='ocr-capabilities' content='ocr_page ocr_carea ocr_par ocr_line ocrx_word'/>
</head>
<body>
  <div class='ocr_page' id='page_1' title='image "./sanctipontiimer00paulgoog_0325.png"; bbox 0 0 2918 4664; ppageno 0'>
   <div class='ocr_carea' id='block_1_1' title="bbox 227 301 1025 387">
    <p class='ocr_par' dir='ltr' id='par_1_1' title="bbox 227 301 1025 387">
     <span class='ocr_line' id='line_1_1' title="bbox 227 301 1025 387; baseline 0.006 -21"><span class='ocrx_word' id='word_1_1' title='bbox 227 301 291 367; x_wconf 78' lang='grc'>272</span> <span class='ocrx_word' id='word_1_2' title='bbox 552 318 578 372; x_wconf 84' lang='lat' dir='ltr'>S.</span> <span class='ocrx_word' id='word_1_3' title='bbox 590 317 723 373; x_wconf 75' lang='lat' dir='ltr'><strong>Paulini</strong></span> <span class='ocrx_word' id='word_1_4' title='bbox 740 317 861 372; x_wconf 85' lang='lat' dir='ltr'>Nolani</span> <span class='ocrx_word' id='word_1_5' title='bbox 879 318 1025 387; x_wconf 76' lang='lat' dir='ltr'><strong>episcopi</strong></span> 
     </span>
    </p>
   </div>
   <div class='ocr_carea' id='block_1_2' title="bbox 246 493 1209 1932">
    <p class='ocr_par' dir='ltr' id='par_1_2' title="bbox 329 493 1166 783">
     <span class='ocr_line' id='line_1_2' title="bbox 329 493 1166 576; baseline -0.001 -19"><span class='ocrx_word' id='word_1_6' title='bbox 329 495 497 575; x_wconf 77' lang='lat' dir='ltr'>aequantes</span> <span class='ocrx_word' id='word_1_7' title='bbox 520 494 569 557; x_wconf 91' lang='lat' dir='ltr'>his</span> <span class='ocrx_word' id='word_1_8' title='bbox 593 496 677 558; x_wconf 85' lang='lat' dir='ltr'>astra</span> <span class='ocrx_word' id='word_1_9' title='bbox 698 493 770 576; x_wconf 91' lang='lat' dir='ltr'>poli,</span> <span class='ocrx_word' id='word_1_10' title='bbox 794 494 842 557; x_wconf 94' lang='lat' dir='ltr'>his</span> <span class='ocrx_word' id='word_1_11' title='bbox 865 494 985 558; x_wconf 84' lang='lat' dir='ltr'>telluris</span> <span class='ocrx_word' id='word_1_12' title='bbox 1008 493 1166 557; x_wconf 75' lang='lat' dir='ltr'>harenam.</span> 
     </span>
     <span class='ocr_line' id='line_1_3' title="bbox 329 596 1110 681; baseline 0.001 -20"><span class='ocrx_word' id='word_1_13' title='bbox 329 597 419 662; x_wconf 88' lang='lat' dir='ltr'>credo</span> <span class='ocrx_word' id='word_1_14' title='bbox 442 598 584 679; x_wconf 87' lang='lat' dir='ltr'>equidem</span> <span class='ocrx_word' id='word_1_15' title='bbox 608 615 663 660; x_wconf 91' lang='lat' dir='ltr'>uos</span> <span class='ocrx_word' id='word_1_16' title='bbox 686 596 785 662; x_wconf 85' lang='lat' dir='ltr'>officio</span> <span class='ocrx_word' id='word_1_17' title='bbox 806 598 932 681; x_wconf 88' lang='lat' dir='ltr'>pietatis</span> <span class='ocrx_word' id='word_1_18' title='bbox 955 597 994 661; x_wconf 87' lang='lat' dir='ltr'>ad</span> <span class='ocrx_word' id='word_1_19' title='bbox 1015 598 1110 662; x_wconf 91' lang='lat' dir='ltr'>istum</span> 
     </span>
     <span class='ocr_line' id='line_1_4' title="bbox 329 697 1045 783; baseline 0 -18"><span class='ocrx_word' id='word_1_20' title='bbox 329 701 464 783; x_wconf 90' lang='lat' dir='ltr'>undique</span> <span class='ocrx_word' id='word_1_21' title='bbox 487 702 669 766; x_wconf 89' lang='lat' dir='ltr'>conuenisse</span> <span class='ocrx_word' id='word_1_22' title='bbox 692 702 774 766; x_wconf 94' lang='lat' dir='ltr'>diem</span> <span class='ocrx_word' id='word_1_23' title='bbox 797 697 908 767; x_wconf 83' lang='lat' dir='ltr'>Felicis</span> <span class='ocrx_word' id='word_1_24' title='bbox 930 719 1045 782; x_wconf 83' lang='lat' dir='ltr'>amore,</span> 
     </span>
    </p>

    <p class='ocr_par' dir='ltr' id='par_1_3' title="bbox 330 805 1034 871">
     <span class='ocr_line' id='line_1_5' title="bbox 330 805 1034 871; baseline 0.001 -3"><span class='ocrx_word' id='word_1_25' title='bbox 330 808 365 869; x_wconf 93' lang='lat' dir='ltr'>ut</span> <span class='ocrx_word' id='word_1_26' title='bbox 387 805 572 870; x_wconf 85' lang='lat' dir='ltr'>confessoris</span> <span class='ocrx_word' id='word_1_27' title='bbox 596 806 671 870; x_wconf 91' lang='lat' dir='ltr'>socii</span> <span class='ocrx_word' id='word_1_28' title='bbox 693 805 853 871; x_wconf 87' lang='lat' dir='ltr'>celebretis</span> <span class='ocrx_word' id='word_1_29' title='bbox 876 805 1034 870; x_wconf 88' lang='lat' dir='ltr'>honorem.</span> 
     </span>
    </p>

    <p class='ocr_par' dir='ltr' id='par_1_4' title="bbox 246 910 1209 1411">
     <span class='ocr_line' id='line_1_6' title="bbox 246 910 1209 994; baseline 0 -21"><span class='ocrx_word' id='word_1_30' title='bbox 246 918 307 973; x_wconf 79' lang='grc'>225</span> <span class='ocrx_word' id='word_1_31' title='bbox 330 928 390 974; x_wconf 93' lang='lat' dir='ltr'>non</span> <span class='ocrx_word' id='word_1_32' title='bbox 415 913 521 974; x_wconf 85' lang='lat' dir='ltr'>autem</span> <span class='ocrx_word' id='word_1_33' title='bbox 543 911 622 974; x_wconf 85' lang='lat' dir='ltr'>tanti</span> <span class='ocrx_word' id='word_1_34' title='bbox 645 910 722 973; x_wconf 93' lang='lat' dir='ltr'>mihi</span> <span class='ocrx_word' id='word_1_35' title='bbox 743 928 814 974; x_wconf 92' lang='lat' dir='ltr'>sum</span> <span class='ocrx_word' id='word_1_36' title='bbox 836 913 1052 994; x_wconf 75' lang='lat' dir='ltr'>praesumptor</span> <span class='ocrx_word' id='word_1_37' title='bbox 1074 910 1209 988; x_wconf 89' lang='lat' dir='ltr'>honoris,</span> 
     </span>
     <span class='ocr_line' id='line_1_7' title="bbox 330 1014 1149 1098; baseline 0 -21"><span class='ocrx_word' id='word_1_38' title='bbox 330 1017 365 1077; x_wconf 91' lang='grc'>21</span> <span class='ocrx_word' id='word_1_39' title='bbox 386 1016 509 1078; x_wconf 86' lang='lat' dir='ltr'>sanctos</span> <span class='ocrx_word' id='word_1_40' title='bbox 531 1014 642 1078; x_wconf 90' lang='lat' dir='ltr'>idcirco</span> <span class='ocrx_word' id='word_1_41' title='bbox 665 1015 743 1078; x_wconf 92' lang='lat' dir='ltr'>meis</span> <span class='ocrx_word' id='word_1_42' title='bbox 766 1014 857 1079; x_wconf 94' lang='lat' dir='ltr'>modo</span> <span class='ocrx_word' id='word_1_43' title='bbox 878 1014 1018 1098; x_wconf 89' lang='lat' dir='ltr'>protinus</span> <span class='ocrx_word' id='word_1_44' title='bbox 1041 1031 1149 1079; x_wconf 87' lang='lat' dir='ltr'>omnes</span> 
     </span>
     <span class='ocr_line' id='line_1_8' title="bbox 330 1117 1148 1201; baseline 0.001 -20"><span class='ocrx_word' id='word_1_45' title='bbox 330 1117 472 1183; x_wconf 83' lang='lat' dir='ltr'>sensibus</span> <span class='ocrx_word' id='word_1_46' title='bbox 496 1119 652 1200; x_wconf 86' lang='lat' dir='ltr'>adspirare</span> <span class='ocrx_word' id='word_1_47' title='bbox 673 1137 781 1201; x_wconf 90' lang='lat' dir='ltr'>precer</span> <span class='ocrx_word' id='word_1_48' title='bbox 802 1120 890 1200; x_wconf 89' lang='lat' dir='ltr'>quasi</span> <span class='ocrx_word' id='word_1_49' title='bbox 913 1137 1040 1182; x_wconf 90' lang='lat' dir='ltr'>munere</span> <span class='ocrx_word' id='word_1_50' title='bbox 1062 1120 1148 1183; x_wconf 88' lang='lat' dir='ltr'>tanto</span> 
     </span>
     <span class='ocr_line' id='line_1_9' title="bbox 330 1221 1143 1305; baseline 0.002 -20"><span class='ocrx_word' id='word_1_51' title='bbox 330 1221 454 1305; x_wconf 84' lang='lat' dir='ltr'>diguus,</span> <span class='ocrx_word' id='word_1_52' title='bbox 477 1225 512 1286; x_wconf 90' lang='lat' dir='ltr'>ut</span> <span class='ocrx_word' id='word_1_53' title='bbox 532 1223 588 1286; x_wconf 91' lang='lat' dir='ltr'>illa</span> <span class='ocrx_word' id='word_1_54' title='bbox 610 1240 680 1287; x_wconf 88' lang='lat' dir='ltr'>meo</span> <span class='ocrx_word' id='word_1_55' title='bbox 702 1226 826 1287; x_wconf 81' lang='lat' dir='ltr'>resonet</span> <span class='ocrx_word' id='word_1_56' title='bbox 848 1241 907 1286; x_wconf 83' lang='lat' dir='ltr'>uox</span> <span class='ocrx_word' id='word_1_57' title='bbox 929 1225 1059 1288; x_wconf 81' lang='lat' dir='ltr'>tmturis</span> <span class='ocrx_word' id='word_1_58' title='bbox 1082 1240 1143 1302; x_wconf 86' lang='lat' dir='ltr'>ore,</span> 
     </span>
     <span class='ocr_line' id='line_1_10' title="bbox 331 1327 1124 1411; baseline 0.001 -21"><span class='ocrx_word' id='word_1_59' title='bbox 331 1344 424 1407; x_wconf 91' lang='lat' dir='ltr'>quam</span> <span class='ocrx_word' id='word_1_60' title='bbox 448 1328 548 1391; x_wconf 90' lang='lat' dir='ltr'>totum</span> <span class='ocrx_word' id='word_1_61' title='bbox 570 1327 664 1391; x_wconf 83' lang='lat' dir='ltr'>tellus</span> <span class='ocrx_word' id='word_1_62' title='bbox 688 1327 805 1392; x_wconf 89' lang='lat' dir='ltr'>audiuit</span> <span class='ocrx_word' id='word_1_63' title='bbox 825 1327 909 1392; x_wconf 84' lang='lat' dir='ltr'>laeta</span> <span class='ocrx_word' id='word_1_64' title='bbox 929 1347 985 1411; x_wconf 91' lang='lat' dir='ltr'>per</span> <span class='ocrx_word' id='word_1_65' title='bbox 1007 1327 1124 1408; x_wconf 89' lang='lat' dir='ltr'>orbem,</span> 
     </span>
    </p>

    <p class='ocr_par' dir='ltr' id='par_1_5' title="bbox 248 1430 1201 1932">
     <span class='ocr_line' id='line_1_11' title="bbox 248 1430 1100 1512; baseline 0.002 -19"><span class='ocrx_word' id='word_1_66' title='bbox 248 1437 309 1494; x_wconf 83' lang='grc'>230</span> <span class='ocrx_word' id='word_1_67' title='bbox 333 1431 387 1495; x_wconf 83' lang='grc'>221</span> <span class='ocrx_word' id='word_1_68' title='bbox 410 1431 561 1512; x_wconf 79' lang='lat' dir='ltr'>quianon</span> <span class='ocrx_word' id='word_1_69' title='bbox 583 1431 797 1496; x_wconf 86' lang='lat' dir='ltr'>diuinadecet</span> <span class='ocrx_word' id='word_1_70' title='bbox 820 1430 929 1495; x_wconf 78' lang='lat' dir='ltr'>Felicis</span> <span class='ocrx_word' id='word_1_71' title='bbox 952 1431 1100 1496; x_wconf 90' lang='lat' dir='ltr'>honorem</span> 
     </span>
     <span class='ocr_line' id='line_1_12' title="bbox 331 1534 1144 1618; baseline 0.001 -21"><span class='ocrx_word' id='word_1_72' title='bbox 331 1537 362 1598; x_wconf 87' lang='lat' dir='ltr'>et</span> <span class='ocrx_word' id='word_1_73' title='bbox 385 1535 457 1616; x_wconf 84' lang='lat' dir='ltr'>qnia</span> <span class='ocrx_word' id='word_1_74' title='bbox 478 1534 614 1615; x_wconf 82' lang='lat' dir='ltr'>Nicetes,</span> <span class='ocrx_word' id='word_1_75' title='bbox 638 1534 755 1600; x_wconf 93' lang='lat' dir='ltr'>domini</span> <span class='ocrx_word' id='word_1_76' title='bbox 776 1555 853 1618; x_wconf 90' lang='lat' dir='ltr'>puer</span> <span class='ocrx_word' id='word_1_77' title='bbox 876 1539 968 1618; x_wconf 85' lang='lat' dir='ltr'>atque</span> <span class='ocrx_word' id='word_1_78' title='bbox 991 1535 1144 1615; x_wconf 82' lang='lat' dir='ltr'>sacerdos,</span> 
     </span>
     <span class='ocr_line' id='line_1_13' title="bbox 330 1639 1159 1722; baseline 0 -20"><span class='ocrx_word' id='word_1_79' title='bbox 330 1639 500 1722; x_wconf 83' lang='lat' dir='ltr'>longinqua</span> <span class='ocrx_word' id='word_1_80' title='bbox 520 1639 630 1703; x_wconf 86' lang='lat' dir='ltr'>tellure</span> <span class='ocrx_word' id='word_1_81' title='bbox 652 1639 731 1704; x_wconf 93' lang='lat' dir='ltr'>mihi</span> <span class='ocrx_word' id='word_1_82' title='bbox 753 1640 843 1704; x_wconf 97' lang='lat' dir='ltr'>modo</span> <span class='ocrx_word' id='word_1_83' title='bbox 866 1640 980 1704; x_wconf 87' lang='lat' dir='ltr'>missus</span> <span class='ocrx_word' id='word_1_84' title='bbox 1003 1640 1042 1704; x_wconf 87' lang='lat' dir='ltr'>ad</span> <span class='ocrx_word' id='word_1_85' title='bbox 1064 1640 1159 1704; x_wconf 90' lang='lat' dir='ltr'>istum</span> 
     </span>
     <span class='ocr_line' id='line_1_14' title="bbox 331 1741 1151 1827; baseline 0.002 -22"><span class='ocrx_word' id='word_1_86' title='bbox 331 1760 401 1806; x_wconf 91' lang='lat' dir='ltr'>ecce</span> <span class='ocrx_word' id='word_1_87' title='bbox 424 1741 505 1806; x_wconf 90' lang='lat' dir='ltr'>diem</span> <span class='ocrx_word' id='word_1_88' title='bbox 528 1743 624 1823; x_wconf 89' lang='lat' dir='ltr'>uenit,</span> <span class='ocrx_word' id='word_1_89' title='bbox 647 1743 696 1806; x_wconf 92' lang='lat' dir='ltr'>uir</span> <span class='ocrx_word' id='word_1_90' title='bbox 717 1745 784 1807; x_wconf 89' lang='lat' dir='ltr'>tam</span> <span class='ocrx_word' id='word_1_91' title='bbox 806 1743 904 1808; x_wconf 90' lang='lat' dir='ltr'>bonus</span> <span class='ocrx_word' id='word_1_92' title='bbox 927 1762 979 1808; x_wconf 91' lang='lat' dir='ltr'>ore</span> <span class='ocrx_word' id='word_1_93' title='bbox 1003 1744 1151 1827; x_wconf 84' lang='lat' dir='ltr'>magistro</span> 
     </span>
     <span class='ocr_line' id='line_1_15' title="bbox 332 1846 1201 1932; baseline 0.001 -22"><span class='ocrx_word' id='word_1_94' title='bbox 332 1865 425 1928; x_wconf 88' lang='lat' dir='ltr'>quam</span> <span class='ocrx_word' id='word_1_95' title='bbox 447 1864 534 1910; x_wconf 89' lang='lat' dir='ltr'>sacer</span> <span class='ocrx_word' id='word_1_96' title='bbox 557 1849 605 1910; x_wconf 89' lang='lat' dir='ltr'>est</span> <span class='ocrx_word' id='word_1_97' title='bbox 626 1847 741 1911; x_wconf 89' lang='lat' dir='ltr'>uictore</span> <span class='ocrx_word' id='word_1_98' title='bbox 764 1848 867 1912; x_wconf 84' lang='lat' dir='ltr'>animo</span> <span class='ocrx_word' id='word_1_99' title='bbox 889 1846 941 1912; x_wconf 89' lang='lat' dir='ltr'>uel</span> <span class='ocrx_word' id='word_1_100' title='bbox 963 1865 1088 1932; x_wconf 83' lang='lat' dir='ltr'>corpore</span> <span class='ocrx_word' id='word_1_101' title='bbox 1110 1848 1201 1912; x_wconf 87' lang='lat' dir='ltr'>uicto.</span> 
     </span>
    </p>
   </div>
   <div class='ocr_carea' id='block_1_3' title="bbox 134 1950 1208 2037">
    <p class='ocr_par' dir='ltr' id='par_1_6' title="bbox 134 1950 1208 2037">
     <span class='ocr_line' id='line_1_16' title="bbox 134 1950 1208 2037; baseline 0.003 -25"><span class='ocrx_word' id='word_1_102' title='bbox 134 2009 135 2012; x_wconf 74' lang='grc'>,</span> <span class='ocrx_word' id='word_1_103' title='bbox 248 1958 308 2014; x_wconf 78' lang='grc'>233</span> <span class='ocrx_word' id='word_1_104' title='bbox 374 1951 491 2014; x_wconf 91' lang='lat' dir='ltr'>omihi</span> <span class='ocrx_word' id='word_1_105' title='bbox 512 1950 662 2015; x_wconf 87' lang='lat' dir='ltr'>fulminea</span> <span class='ocrx_word' id='word_1_106' title='bbox 684 1950 842 2020; x_wconf 81' lang='lat' dir='ltr'>Cherubin</span> <span class='ocrx_word' id='word_1_107' title='bbox 865 1954 891 2017; x_wconf 92' lang='lat' dir='ltr'>si</span> <span class='ocrx_word' id='word_1_108' title='bbox 908 1952 1027 2035; x_wconf 87' lang='lat' dir='ltr'>-forcipe</span> <span class='ocrx_word' id='word_1_109' title='bbox 1050 1955 1208 2037; x_wconf 86' lang='lat' dir='ltr'>sumptum</span> 
     </span>
    </p>
   </div>
   <div class='ocr_carea' id='block_1_4' title="bbox 249 2055 1188 2868">
    <p class='ocr_par' dir='ltr' id='par_1_7' title="bbox 331 2055 1118 2140">
     <span class='ocr_line' id='line_1_17' title="bbox 331 2055 1118 2140; baseline 0.003 -22"><span class='ocrx_word' id='word_1_110' title='bbox 331 2055 496 2119; x_wconf 89' lang='lat' dir='ltr'>carbonem</span> <span class='ocrx_word' id='word_1_111' title='bbox 519 2074 554 2118; x_wconf 83' lang='lat' dir='ltr'>on</span> <span class='ocrx_word' id='word_1_112' title='bbox 577 2055 644 2137; x_wconf 89' lang='lat' dir='ltr'>ipsa</span> <span class='ocrx_word' id='word_1_113' title='bbox 667 2056 784 2120; x_wconf 93' lang='lat' dir='ltr'>domini</span> <span class='ocrx_word' id='word_1_114' title='bbox 806 2056 912 2140; x_wconf 90' lang='lat' dir='ltr'>procul</span> <span class='ocrx_word' id='word_1_115' title='bbox 936 2056 1043 2120; x_wconf 87' lang='lat' dir='ltr'>efferat</span> <span class='ocrx_word' id='word_1_116' title='bbox 1064 2075 1118 2121; x_wconf 88' lang='lat' dir='ltr'>ara</span> 
     </span>
    </p>

    <p class='ocr_par' dir='ltr' id='par_1_8' title="bbox 333 2159 1073 2243">
     <span class='ocr_line' id='line_1_18' title="bbox 333 2159 1073 2243; baseline 0.003 -21"><span class='ocrx_word' id='word_1_117' title='bbox 333 2159 555 2242; x_wconf 83' lang='lat' dir='ltr'>et&#39;peccatoris</span> <span class='ocrx_word' id='word_1_118' title='bbox 578 2159 659 2223; x_wconf 84' lang='lat' dir='ltr'>male</span> <span class='ocrx_word' id='word_1_119' title='bbox 681 2159 809 2243; x_wconf 85' lang='lat' dir='ltr'>pinguia</span> <span class='ocrx_word' id='word_1_120' title='bbox 830 2161 918 2225; x_wconf 86' lang='lat' dir='ltr'>labra</span> <span class='ocrx_word' id='word_1_121' title='bbox 940 2163 1073 2243; x_wconf 90' lang='lat' dir='ltr'>perurat,</span> 
     </span>
    </p>

    <p class='ocr_par' dir='ltr' id='par_1_9' title="bbox 330 2262 966 2354">
     <span class='ocr_line' id='line_1_19' title="bbox 330 2262 966 2354; baseline 0.005 -28"><span class='ocrx_word' id='word_1_122' title='bbox 330 2266 366 2327; x_wconf 91' lang='grc'>21</span> <span class='ocrx_word' id='word_1_123' title='bbox 388 2263 545 2327; x_wconf 86' lang='lat' dir='ltr'>defaecato</span> <span class='ocrx_word' id='word_1_124' title='bbox 568 2263 717 2354; x_wconf 78' lang='lat' dir='ltr'>concretis</span> <span class='ocrx_word' id='word_1_125' title='bbox 741 2262 882 2329; x_wconf 92' lang='lat' dir='ltr'>sordibus</span> <span class='ocrx_word' id='word_1_126' title='bbox 905 2281 966 2345; x_wconf 89' lang='lat' dir='ltr'>ore,</span> 
     </span>
    </p>

    <p class='ocr_par' dir='ltr' id='par_1_10' title="bbox 249 2366 1139 2556">
     <span class='ocr_line' id='line_1_20' title="bbox 331 2366 1139 2449; baseline 0.001 -18"><span class='ocrx_word' id='word_1_127' title='bbox 331 2386 392 2431; x_wconf 92' lang='lat' dir='ltr'>non</span> <span class='ocrx_word' id='word_1_128' title='bbox 414 2370 450 2431; x_wconf 89' lang='lat' dir='ltr'>ut</span> <span class='ocrx_word' id='word_1_129' title='bbox 472 2366 510 2432; x_wconf 90' lang='lat' dir='ltr'>ab</span> <span class='ocrx_word' id='word_1_130' title='bbox 534 2386 585 2432; x_wconf 89' lang='lat' dir='ltr'>oro</span> <span class='ocrx_word' id='word_1_131' title='bbox 608 2385 687 2449; x_wconf 90' lang='lat' dir='ltr'>meo,</span> <span class='ocrx_word' id='word_1_132' title='bbox 711 2368 765 2433; x_wconf 89' lang='lat' dir='ltr'>sed</span> <span class='ocrx_word' id='word_1_133' title='bbox 787 2372 822 2433; x_wconf 92' lang='lat' dir='ltr'>ut</span> <span class='ocrx_word' id='word_1_134' title='bbox 844 2368 992 2434; x_wconf 88' lang='lat' dir='ltr'>auditoris</span> <span class='ocrx_word' id='word_1_135' title='bbox 1016 2368 1054 2433; x_wconf 89' lang='lat' dir='ltr'>ab</span> <span class='ocrx_word' id='word_1_136' title='bbox 1077 2385 1139 2449; x_wconf 89' lang='lat' dir='ltr'>ore,</span> 
     </span>
     <span class='ocr_line' id='line_1_21' title="bbox 249 2471 1086 2556; baseline 0.001 -22"><span class='ocrx_word' id='word_1_137' title='bbox 249 2480 309 2534; x_wconf 87' lang='grc'>240</span> <span class='ocrx_word' id='word_1_138' title='bbox 332 2471 429 2552; x_wconf 88' lang='lat' dir='ltr'>ipsius</span> <span class='ocrx_word' id='word_1_139' title='bbox 452 2471 564 2536; x_wconf 89' lang='lat' dir='ltr'>hausta</span> <span class='ocrx_word' id='word_1_140' title='bbox 586 2490 654 2537; x_wconf 94' lang='lat' dir='ltr'>meo</span> <span class='ocrx_word' id='word_1_141' title='bbox 678 2473 857 2556; x_wconf 90' lang='lat' dir='ltr'>depromam</span> <span class='ocrx_word' id='word_1_142' title='bbox 881 2473 1002 2556; x_wconf 85' lang='lat' dir='ltr'>dignius</span> <span class='ocrx_word' id='word_1_143' title='bbox 1024 2491 1086 2553; x_wconf 90' lang='lat' dir='ltr'>ore,</span> 
     </span>
    </p>

    <p class='ocr_par' dir='ltr' id='par_1_11' title="bbox 332 2566 1091 2661">
     <span class='ocr_line' id='line_1_22' title="bbox 332 2566 1091 2661; baseline 0.004 -23"><span class='ocrx_word' id='word_1_144' title='bbox 332 2594 370 2638; x_wconf 98' lang='lat' dir='ltr'>ne</span> <span class='ocrx_word' id='word_1_145' title='bbox 392 2576 562 2658; x_wconf 88' lang='lat' dir='ltr'>peccatoris</span> <span class='ocrx_word' id='word_1_146' title='bbox 586 2577 690 2641; x_wconf 91' lang='lat' dir='ltr'>stolidi</span> <span class='ocrx_word' id='word_1_147' title='bbox 713 2595 814 2643; x_wconf 88' lang='lat' dir='ltr'>sermo</span> <span class='ocrx_word' id='word_1_148' title='bbox 837 2566 925 2660; x_wconf 88' lang='lat' dir='ltr'>asper</span> <span class='ocrx_word' id='word_1_149' title='bbox 947 2580 978 2641; x_wconf 88' lang='grc'>21</span> <span class='ocrx_word' id='word_1_150' title='bbox 1000 2596 1091 2661; x_wconf 85' lang='lat' dir='ltr'>aeger</span> 
     </span>
    </p>

    <p class='ocr_par' dir='ltr' id='par_1_12' title="bbox 334 2679 1077 2747">
     <span class='ocr_line' id='line_1_23' title="bbox 334 2679 1077 2747; baseline 0.005 -6"><span class='ocrx_word' id='word_1_151' title='bbox 334 2681 365 2742; x_wconf 91' lang='lat' dir='ltr'>et</span> <span class='ocrx_word' id='word_1_152' title='bbox 387 2679 481 2744; x_wconf 92' lang='lat' dir='ltr'>uiolet</span> <span class='ocrx_word' id='word_1_153' title='bbox 502 2682 604 2745; x_wconf 86' lang='lat' dir='ltr'>castas</span> <span class='ocrx_word' id='word_1_154' title='bbox 627 2684 658 2745; x_wconf 94' lang='lat' dir='ltr'>et</span> <span class='ocrx_word' id='word_1_155' title='bbox 681 2681 786 2746; x_wconf 89' lang='lat' dir='ltr'>doctas</span> <span class='ocrx_word' id='word_1_156' title='bbox 808 2681 951 2746; x_wconf 88' lang='lat' dir='ltr'>uerberet</span> <span class='ocrx_word' id='word_1_157' title='bbox 972 2683 1077 2747; x_wconf 87' lang='lat' dir='ltr'>aures!</span> 
     </span>
    </p>

    <p class='ocr_par' dir='ltr' id='par_1_13' title="bbox 335 2781 1188 2868">
     <span class='ocr_line' id='line_1_24' title="bbox 335 2781 1188 2868; baseline 0.001 -22"><span class='ocrx_word' id='word_1_158' title='bbox 335 2781 556 2865; x_wconf 86' lang='lat' dir='ltr'>sedquoniam</span> <span class='ocrx_word' id='word_1_159' title='bbox 578 2785 669 2849; x_wconf 89' lang='lat' dir='ltr'>lateri</span> <span class='ocrx_word' id='word_1_160' title='bbox 692 2804 779 2849; x_wconf 90' lang='lat' dir='ltr'>meus</span> <span class='ocrx_word' id='word_1_161' title='bbox 802 2785 923 2850; x_wconf 88' lang='lat' dir='ltr'>adsidet</span> <span class='ocrx_word' id='word_1_162' title='bbox 943 2786 1009 2868; x_wconf 91' lang='lat' dir='ltr'>ipse</span> <span class='ocrx_word' id='word_1_163' title='bbox 1031 2785 1188 2868; x_wconf 84' lang='lat' dir='ltr'>magister,</span> 
     </span>
    </p>
   </div>
   <div class='ocr_carea' id='block_1_5' title="bbox 334 2997 552 3069">
    <p class='ocr_par' dir='ltr' id='par_1_14' title="bbox 334 2997 552 3069">
     <span class='ocr_line' id='line_1_25' title="bbox 334 2997 552 3069; baseline 0.005 -15"><span class='ocrx_word' id='word_1_164' title='bbox 334 2997 396 3067; x_wconf 84' lang='grc'>235]</span> <span class='ocrx_word' id='word_1_165' title='bbox 414 2998 468 3068; x_wconf 83' lang='lat' dir='ltr'>(lle.</span> <span class='ocrx_word' id='word_1_166' title='bbox 480 3001 505 3066; x_wconf 88' lang='grc'>6,</span> <span class='ocrx_word' id='word_1_167' title='bbox 517 3000 552 3069; x_wconf 84' lang='grc'>6).</span> 
     </span>
    </p>
   </div>
   <div class='ocr_carea' id='block_1_6' title="bbox 231 3190 1361 3607">
    <p class='ocr_par' dir='ltr' id='par_1_15' title="bbox 231 3190 1361 3607">
     <span class='ocr_line' id='line_1_26' title="bbox 275 3190 1361 3260; baseline 0.001 -13"><span class='ocrx_word' id='word_1_168' title='bbox 275 3193 324 3247; x_wconf 91' lang='grc'>221</span> <span class='ocrx_word' id='word_1_169' title='bbox 344 3192 469 3259; x_wconf 66' lang='grc'>2122114</span> <span class='ocrx_word' id='word_1_170' title='bbox 526 3190 569 3245; x_wconf 90' lang='lat' dir='ltr'>his</span> <span class='ocrx_word' id='word_1_171' title='bbox 586 3191 609 3245; x_wconf 92' lang='lat' dir='ltr'>is</span> <span class='ocrx_word' id='word_1_172' title='bbox 629 3191 682 3247; x_wconf 89' lang='lat' dir='ltr'>GR</span> <span class='ocrx_word' id='word_1_173' title='bbox 761 3191 860 3246; x_wconf 87' lang='lat' dir='ltr'>telloris</span> <span class='ocrx_word' id='word_1_174' title='bbox 880 3192 917 3260; x_wconf 88' lang='lat' dir='ltr'>G,</span> <span class='ocrx_word' id='word_1_175' title='bbox 931 3191 1046 3246; x_wconf 70' lang='lat' dir='ltr'>hellurus</span> <span class='ocrx_word' id='word_1_176' title='bbox 1061 3192 1090 3249; x_wconf 92' lang='lat' dir='ltr'><strong><em>R</em></strong></span> <span class='ocrx_word' id='word_1_177' title='bbox 1174 3207 1281 3252; x_wconf 78' lang='grc'>2222212</span> <span class='ocrx_word' id='word_1_178' title='bbox 1301 3192 1361 3248; x_wconf 89' lang='lat' dir='ltr'>GR.</span> 
     </span>
     <span class='ocr_line' id='line_1_27' title="bbox 232 3277 1354 3346; baseline 0 -14"><span class='ocrx_word' id='word_1_179' title='bbox 232 3279 282 3334; x_wconf 87' lang='grc'>222</span> <span class='ocrx_word' id='word_1_180' title='bbox 300 3277 392 3332; x_wconf 86' lang='lat' dir='ltr'>crodeo</span> <span class='ocrx_word' id='word_1_181' title='bbox 409 3278 437 3334; x_wconf 90' lang='lat' dir='ltr'><strong><em>R</em></strong></span> <span class='ocrx_word' id='word_1_182' title='bbox 499 3277 605 3346; x_wconf 91' lang='lat' dir='ltr'>quidem</span> <span class='ocrx_word' id='word_1_183' title='bbox 626 3277 679 3334; x_wconf 94' lang='lat' dir='ltr'>GR</span> <span class='ocrx_word' id='word_1_184' title='bbox 740 3277 1043 3335; x_wconf 73' lang='grc'>224222122222221)</span> <span class='ocrx_word' id='word_1_185' title='bbox 1105 3278 1204 3336; x_wconf 82' lang='grc' dir='ltr'>2221Β</span> <span class='ocrx_word' id='word_1_186' title='bbox 1271 3277 1354 3333; x_wconf 89' lang='lat' dir='ltr'>caele-</span> 
     </span>
     <span class='ocr_line' id='line_1_28' title="bbox 231 3363 1354 3435; baseline 0 -17"><span class='ocrx_word' id='word_1_187' title='bbox 231 3363 353 3420; x_wconf 89' lang='lat' dir='ltr'>bretisG</span> <span class='ocrx_word' id='word_1_188' title='bbox 404 3365 455 3420; x_wconf 89' lang='grc'>226</span> <span class='ocrx_word' id='word_1_189' title='bbox 467 3364 586 3419; x_wconf 83' lang='grc'>22221122</span> <span class='ocrx_word' id='word_1_190' title='bbox 604 3365 724 3435; x_wconf 85' lang='lat' dir='ltr'>protinus</span> <span class='ocrx_word' id='word_1_191' title='bbox 742 3381 831 3419; x_wconf 89' lang='lat' dir='ltr'>omnes</span> <span class='ocrx_word' id='word_1_192' title='bbox 845 3366 872 3422; x_wconf 93' lang='lat' dir='ltr'><strong><em>G</em></strong></span> <span class='ocrx_word' id='word_1_193' title='bbox 923 3363 1041 3420; x_wconf 88' lang='lat' dir='ltr'>sensibus</span> <span class='ocrx_word' id='word_1_194' title='bbox 1057 3366 1186 3421; x_wconf 90' lang='lat' dir='ltr'>omnesR</span> <span class='ocrx_word' id='word_1_195' title='bbox 1236 3368 1354 3423; x_wconf 74' lang='grc'>223122-</span> 
     </span>
     <span class='ocr_line' id='line_1_29' title="bbox 232 3449 1354 3520; baseline 0 -16"><span class='ocrx_word' id='word_1_196' title='bbox 232 3450 338 3506; x_wconf 88' lang='lat' dir='ltr'>torisG</span> <span class='ocrx_word' id='word_1_197' title='bbox 390 3449 610 3518; x_wconf 68' lang='grc'>22922112126</span> <span class='ocrx_word' id='word_1_198' title='bbox 661 3451 850 3508; x_wconf 77' lang='grc'>2302222111</span> <span class='ocrx_word' id='word_1_199' title='bbox 901 3454 950 3507; x_wconf 88' lang='grc'>231</span> <span class='ocrx_word' id='word_1_200' title='bbox 971 3467 1023 3520; x_wconf 88' lang='lat' dir='ltr'>qua</span> <span class='ocrx_word' id='word_1_201' title='bbox 1040 3453 1067 3506; x_wconf 93' lang='lat' dir='ltr'><strong><em>B</em></strong></span> <span class='ocrx_word' id='word_1_202' title='bbox 1120 3451 1213 3506; x_wconf 86' lang='lat' dir='ltr'>nicetis</span> <span class='ocrx_word' id='word_1_203' title='bbox 1230 3453 1289 3519; x_wconf 83' lang='lat' dir='ltr'>BT,</span> <span class='ocrx_word' id='word_1_204' title='bbox 1308 3468 1354 3505; x_wconf 88' lang='lat' dir='ltr'>ne-</span> 
     </span>
     <span class='ocr_line' id='line_1_30' title="bbox 234 3536 1354 3607; baseline 0.004 -17"><span class='ocrx_word' id='word_1_205' title='bbox 234 3536 298 3591; x_wconf 86' lang='lat' dir='ltr'>cetis</span> <span class='ocrx_word' id='word_1_206' title='bbox 319 3537 371 3593; x_wconf 93' lang='lat' dir='ltr'>GR</span> <span class='ocrx_word' id='word_1_207' title='bbox 440 3536 546 3606; x_wconf 78' lang='lat' dir='ltr'>aqu</span> <span class='ocrx_word' id='word_1_208' title='bbox 614 3539 664 3594; x_wconf 87' lang='grc'>232</span> <span class='ocrx_word' id='word_1_209' title='bbox 681 3537 844 3607; x_wconf 83' lang='lat' dir='ltr'>longuinqua</span> <span class='ocrx_word' id='word_1_210' title='bbox 863 3539 897 3607; x_wconf 97' lang='lat' dir='ltr'>G,</span> <span class='ocrx_word' id='word_1_211' title='bbox 914 3538 1105 3607; x_wconf 80' lang='lat' dir='ltr'>longuiuiuqus</span> <span class='ocrx_word' id='word_1_212' title='bbox 1121 3539 1148 3594; x_wconf 99' lang='lat' dir='ltr'><strong><em>R</em></strong></span> <span class='ocrx_word' id='word_1_213' title='bbox 1216 3537 1308 3592; x_wconf 89' lang='lat' dir='ltr'>tellore</span> <span class='ocrx_word' id='word_1_214' title='bbox 1327 3540 1354 3594; x_wconf 90' lang='lat' dir='ltr'><strong><em>G</em></strong></span> 
     </span>
    </p>
   </div>
   <div class='ocr_carea' id='block_1_7' title="bbox 234 3617 1392 3806">
    <p class='ocr_par' dir='ltr' id='par_1_16' title="bbox 234 3617 1392 3806">
     <span class='ocr_line' id='line_1_31' title="bbox 234 3617 1392 3721; baseline 0.001 -18"><span class='ocrx_word' id='word_1_215' title='bbox 234 3648 345 3717; x_wconf 91' lang='lat' dir='ltr'>missum</span> <span class='ocrx_word' id='word_1_216' title='bbox 363 3651 397 3718; x_wconf 89' lang='lat' dir='ltr'>B,</span> <span class='ocrx_word' id='word_1_217' title='bbox 416 3649 498 3704; x_wconf 90' lang='lat' dir='ltr'>misus</span> <span class='ocrx_word' id='word_1_218' title='bbox 517 3649 570 3706; x_wconf 97' lang='lat' dir='ltr'>GR</span> <span class='ocrx_word' id='word_1_219' title='bbox 621 3651 708 3720; x_wconf 91' lang='lat' dir='ltr'>ipsum</span> <span class='ocrx_word' id='word_1_220' title='bbox 728 3650 781 3707; x_wconf 91' lang='lat' dir='ltr'>GR</span> <span class='ocrx_word' id='word_1_221' title='bbox 836 3652 887 3705; x_wconf 87' lang='grc'>234</span> <span class='ocrx_word' id='word_1_222' title='bbox 905 3617 1126 3721; x_wconf 64' lang='lat' dir='ltr'>auimosmeoi&#39;</span> <span class='ocrx_word' id='word_1_223' title='bbox 1174 3653 1224 3707; x_wconf 82' lang='grc'>235</span> <span class='ocrx_word' id='word_1_224' title='bbox 1241 3650 1354 3704; x_wconf 84' lang='lat' dir='ltr'>fulmine</span> <span class='ocrx_word' id='word_1_225' title='bbox 1388 3667 1392 3673; x_wconf 84' lang='lat'>·</span> 
     </span>
     <span class='ocr_line' id='line_1_32' title="bbox 236 3735 1355 3806; baseline 0.001 -14"><span class='ocrx_word' id='word_1_226' title='bbox 236 3738 295 3806; x_wconf 91' lang='lat' dir='ltr'>GR,</span> <span class='ocrx_word' id='word_1_227' title='bbox 319 3735 432 3790; x_wconf 83' lang='lat' dir='ltr'>fulmina</span> <span class='ocrx_word' id='word_1_228' title='bbox 448 3737 476 3791; x_wconf 93' lang='lat' dir='ltr'><strong><em>B</em></strong></span> <span class='ocrx_word' id='word_1_229' title='bbox 562 3741 588 3790; x_wconf 90' lang='lat' dir='ltr'>et</span> <span class='ocrx_word' id='word_1_230' title='bbox 605 3736 731 3806; x_wconf 90' lang='lat' dir='ltr'>hiruphin</span> <span class='ocrx_word' id='word_1_231' title='bbox 750 3737 784 3804; x_wconf 93' lang='lat' dir='ltr'>G,</span> <span class='ocrx_word' id='word_1_232' title='bbox 805 3736 913 3791; x_wconf 87' lang='lat' dir='ltr'>hirubiu</span> <span class='ocrx_word' id='word_1_233' title='bbox 930 3738 964 3806; x_wconf 90' lang='grc' dir='ltr'>Β,</span> <span class='ocrx_word' id='word_1_234' title='bbox 984 3737 1096 3792; x_wconf 90' lang='lat' dir='ltr'>heruhin</span> <span class='ocrx_word' id='word_1_235' title='bbox 1113 3738 1149 3806; x_wconf 83' lang='grc' dir='ltr'>Α,</span> <span class='ocrx_word' id='word_1_236' title='bbox 1172 3737 1306 3791; x_wconf 86' lang='lat' dir='ltr'>cherubim</span> <span class='ocrx_word' id='word_1_237' title='bbox 1324 3740 1355 3793; x_wconf 90' lang='lat' dir='ltr'><em>D</em></span> 
     </span>
    </p>
   </div>
   <div class='ocr_carea' id='block_1_8' title="bbox 227 3821 1355 4326">
    <p class='ocr_par' dir='ltr' id='par_1_17' title="bbox 227 3821 1355 4326">
     <span class='ocr_line' id='line_1_33' title="bbox 233 3821 1354 3893; baseline 0.001 -15"><span class='ocrx_word' id='word_1_238' title='bbox 233 3824 284 3878; x_wconf 87' lang='grc'>236</span> <span class='ocrx_word' id='word_1_239' title='bbox 302 3823 394 3877; x_wconf 84' lang='lat' dir='ltr'>offerat</span> <span class='ocrx_word' id='word_1_240' title='bbox 411 3824 446 3892; x_wconf 90' lang='grc' dir='ltr'>Β,</span> <span class='ocrx_word' id='word_1_241' title='bbox 463 3822 513 3877; x_wconf 90' lang='lat' dir='ltr'>hac</span> <span class='ocrx_word' id='word_1_242' title='bbox 531 3821 631 3878; x_wconf 87' lang='lat' dir='ltr'>ferato</span> <span class='ocrx_word' id='word_1_243' title='bbox 691 3825 741 3879; x_wconf 85' lang='grc'>237</span> <span class='ocrx_word' id='word_1_244' title='bbox 760 3825 787 3876; x_wconf 89' lang='grc'>21</span> <span class='ocrx_word' id='word_1_245' title='bbox 804 3839 862 3876; x_wconf 89' lang='lat' dir='ltr'>mea</span> <span class='ocrx_word' id='word_1_246' title='bbox 881 3824 934 3879; x_wconf 90' lang='lat' dir='ltr'>GR</span> <span class='ocrx_word' id='word_1_247' title='bbox 992 3823 1105 3892; x_wconf 88' lang='lat' dir='ltr'>pectoris</span> <span class='ocrx_word' id='word_1_248' title='bbox 1122 3824 1149 3879; x_wconf 90' lang='lat' dir='ltr'><strong><em>R</em></strong></span> <span class='ocrx_word' id='word_1_249' title='bbox 1208 3824 1301 3893; x_wconf 85' lang='lat' dir='ltr'>pingui</span> <span class='ocrx_word' id='word_1_250' title='bbox 1318 3825 1354 3892; x_wconf 93' lang='lat' dir='ltr'>B,</span> 
     </span>
     <span class='ocr_line' id='line_1_34' title="bbox 232 3909 1355 3979; baseline 0.003 -17"><span class='ocrx_word' id='word_1_251' title='bbox 232 3909 332 3978; x_wconf 79' lang='lat' dir='ltr'>pingua</span> <span class='ocrx_word' id='word_1_252' title='bbox 351 3909 404 3965; x_wconf 94' lang='lat' dir='ltr'>GR</span> <span class='ocrx_word' id='word_1_253' title='bbox 471 3913 594 3978; x_wconf 85' lang='lat' dir='ltr'>paruerat</span> <span class='ocrx_word' id='word_1_254' title='bbox 610 3911 637 3965; x_wconf 89' lang='lat' dir='ltr'><strong><em>R</em></strong></span> <span class='ocrx_word' id='word_1_255' title='bbox 706 3909 815 3978; x_wconf 90' lang='grc'>23821]</span> <span class='ocrx_word' id='word_1_256' title='bbox 834 3913 861 3964; x_wconf 87' lang='grc'>21</span> <span class='ocrx_word' id='word_1_257' title='bbox 880 3909 932 3965; x_wconf 91' lang='lat' dir='ltr'>GR</span> <span class='ocrx_word' id='word_1_258' title='bbox 996 3909 1106 3964; x_wconf 85' lang='lat' dir='ltr'>deficato</span> <span class='ocrx_word' id='word_1_259' title='bbox 1123 3910 1158 3979; x_wconf 90' lang='lat' dir='ltr'>R,</span> <span class='ocrx_word' id='word_1_260' title='bbox 1177 3909 1308 3978; x_wconf 81' lang='lat' dir='ltr'>deificatio</span> <span class='ocrx_word' id='word_1_261' title='bbox 1328 3911 1355 3965; x_wconf 88' lang='lat' dir='ltr'><strong><em>G</em></strong></span> 
     </span>
     <span class='ocr_line' id='line_1_35' title="bbox 233 3995 1354 4066; baseline 0.001 -16"><span class='ocrx_word' id='word_1_262' title='bbox 233 3995 356 4050; x_wconf 85' lang='lat' dir='ltr'>sardibus</span> <span class='ocrx_word' id='word_1_263' title='bbox 373 3997 400 4052; x_wconf 95' lang='lat' dir='ltr'><strong><em>R</em></strong></span> <span class='ocrx_word' id='word_1_264' title='bbox 459 3998 568 4066; x_wconf 76' lang='lat' dir='ltr'>239pr.</span> <span class='ocrx_word' id='word_1_265' title='bbox 587 3997 731 4052; x_wconf 77' lang='grc'>212221</span> <span class='ocrx_word' id='word_1_266' title='bbox 787 3998 820 4050; x_wconf 91' lang='grc'>21</span> <span class='ocrx_word' id='word_1_267' title='bbox 835 4013 886 4052; x_wconf 88' lang='lat' dir='ltr'>om.</span> <span class='ocrx_word' id='word_1_268' title='bbox 901 3995 961 4065; x_wconf 89' lang='lat' dir='ltr'>GR,</span> <span class='ocrx_word' id='word_1_269' title='bbox 978 3997 1009 4050; x_wconf 92' lang='grc'>21</span> <span class='ocrx_word' id='word_1_270' title='bbox 1027 3995 1059 4050; x_wconf 88' lang='lat' dir='ltr'>ab</span> <span class='ocrx_word' id='word_1_271' title='bbox 1076 3997 1104 4051; x_wconf 93' lang='lat' dir='ltr'><strong><em>B</em></strong></span> <span class='ocrx_word' id='word_1_272' title='bbox 1168 3996 1299 4051; x_wconf 85' lang='lat' dir='ltr'>auditores</span> <span class='ocrx_word' id='word_1_273' title='bbox 1320 3998 1354 4064; x_wconf 91' lang='lat' dir='ltr'>G,</span> 
     </span>
     <span class='ocr_line' id='line_1_36' title="bbox 234 4071 1352 4152; baseline 0.003 -17"><span class='ocrx_word' id='word_1_274' title='bbox 234 4080 362 4137; x_wconf 87' lang='lat' dir='ltr'>abditoris</span> <span class='ocrx_word' id='word_1_275' title='bbox 380 4081 407 4137; x_wconf 91' lang='grc' dir='ltr'><strong><em>Β</em></strong></span> <span class='ocrx_word' id='word_1_276' title='bbox 465 4081 497 4136; x_wconf 88' lang='lat' dir='ltr'>ab</span> <span class='ocrx_word' id='word_1_277' title='bbox 514 4101 564 4139; x_wconf 85' lang='lat' dir='ltr'>om.</span> <span class='ocrx_word' id='word_1_278' title='bbox 580 4083 633 4138; x_wconf 92' lang='lat' dir='ltr'>GR</span> <span class='ocrx_word' id='word_1_279' title='bbox 692 4085 743 4138; x_wconf 87' lang='grc'>240</span> <span class='ocrx_word' id='word_1_280' title='bbox 762 4081 857 4151; x_wconf 81' lang='lat' dir='ltr'>dignus</span> <span class='ocrx_word' id='word_1_281' title='bbox 876 4081 929 4137; x_wconf 93' lang='lat' dir='ltr'>GR</span> <span class='ocrx_word' id='word_1_282' title='bbox 987 4084 1036 4138; x_wconf 83' lang='lat'>241</span> <span class='ocrx_word' id='word_1_283' title='bbox 1055 4071 1224 4152; x_wconf 72' lang='lat' dir='ltr'>neADGR,</span> <span class='ocrx_word' id='word_1_284' title='bbox 1242 4099 1289 4137; x_wconf 90' lang='lat' dir='ltr'>nec</span> <span class='ocrx_word' id='word_1_285' title='bbox 1307 4071 1352 4140; x_wconf 82' lang='lat' dir='ltr'>oct.</span> 
     </span>
     <span class='ocr_line' id='line_1_37' title="bbox 234 4167 1353 4238; baseline 0.002 -15"><span class='ocrx_word' id='word_1_286' title='bbox 234 4168 374 4236; x_wconf 84' lang='lat' dir='ltr'>stolidique</span> <span class='ocrx_word' id='word_1_287' title='bbox 394 4168 446 4224; x_wconf 88' lang='lat' dir='ltr'>GR</span> <span class='ocrx_word' id='word_1_288' title='bbox 498 4169 560 4237; x_wconf 63' lang='lat' dir='ltr'>ager</span> <span class='ocrx_word' id='word_1_289' title='bbox 576 4170 604 4223; x_wconf 92' lang='lat' dir='ltr'><strong><em>B</em></strong></span> <span class='ocrx_word' id='word_1_290' title='bbox 654 4171 705 4224; x_wconf 87' lang='grc'>242</span> <span class='ocrx_word' id='word_1_291' title='bbox 723 4168 844 4223; x_wconf 80' lang='lat' dir='ltr'>sorberet</span> <span class='ocrx_word' id='word_1_292' title='bbox 861 4187 891 4238; x_wconf 83' lang='grc' dir='ltr'>ω,</span> <span class='ocrx_word' id='word_1_293' title='bbox 908 4167 1062 4224; x_wconf 85' lang='lat' dir='ltr'>uulnerato</span> <span class='ocrx_word' id='word_1_294' title='bbox 1112 4171 1163 4224; x_wconf 89' lang='grc'>243</span> <span class='ocrx_word' id='word_1_295' title='bbox 1181 4168 1226 4222; x_wconf 84' lang='grc'>222</span> <span class='ocrx_word' id='word_1_296' title='bbox 1244 4169 1306 4237; x_wconf 82' lang='lat' dir='ltr'>quia</span> <span class='ocrx_word' id='word_1_297' title='bbox 1319 4170 1353 4238; x_wconf 82' lang='lat' dir='ltr'>G,</span> 
     </span>
     <span class='ocr_line' id='line_1_38' title="bbox 227 4254 1103 4326; baseline 0.005 -19"><span class='ocrx_word' id='word_1_298' title='bbox 227 4259 257 4308; x_wconf 81' lang='grc'>21</span> <span class='ocrx_word' id='word_1_299' title='bbox 273 4255 336 4323; x_wconf 88' lang='lat' dir='ltr'>quia</span> <span class='ocrx_word' id='word_1_300' title='bbox 351 4255 383 4311; x_wconf 88' lang='lat' dir='ltr'><strong><em>R</em></strong></span> <span class='ocrx_word' id='word_1_301' title='bbox 432 4255 520 4326; x_wconf 87' lang='lat' dir='ltr'>meus]</span> <span class='ocrx_word' id='word_1_302' title='bbox 536 4254 630 4326; x_wconf 89' lang='lat' dir='ltr'>procul</span> <span class='ocrx_word' id='word_1_303' title='bbox 648 4256 678 4310; x_wconf 81' lang='lat' dir='ltr'><strong><em>R</em></strong></span> <span class='ocrx_word' id='word_1_304' title='bbox 727 4254 830 4310; x_wconf 89' lang='lat' dir='ltr'>adsidet</span> <span class='ocrx_word' id='word_1_305' title='bbox 846 4273 896 4312; x_wconf 88' lang='lat' dir='ltr'>om.</span> <span class='ocrx_word' id='word_1_306' title='bbox 911 4255 964 4312; x_wconf 88' lang='lat' dir='ltr'>GR</span> <span class='ocrx_word' id='word_1_307' title='bbox 1014 4254 1103 4311; x_wconf 85' lang='lat' dir='ltr'>illeT</span> 
     </span>
    </p>
   </div>
   <div class='ocr_carea' id='block_1_9' title="bbox 0 0 1472 4664">
    <p class='ocr_par' dir='ltr' id='par_1_18' title="bbox 0 0 1472 4664">
     <span class='ocr_line' id='line_1_39' title="bbox 0 0 1472 4664; baseline 0 0"><span class='ocrx_word' id='word_1_308' title='bbox 0 0 1472 4664; x_wconf 95' lang='lat' dir='ltr'> </span> 
     </span>
    </p>
   </div>
  </div>
 </body>
</html>
