2918 4664
530 275 556 330 S.
567 275 698 329 Paulini
714 273 832 328 Nolani
849 273 992 343 episcopi

358 451 483 515 seminis
504 451 633 514 humani
655 451 710 514 sed
731 450 852 533 generis
874 449 978 532 superi
1000 452 1056 513 est.

305 553 376 618 inde
399 555 544 638 magister
566 555 619 635 ait,
642 554 714 636 quia
736 555 798 618 iam
821 572 877 617 nec
899 553 1016 617 femina
1038 570 1094 617 nec
1116 569 1183 616 mas

204 665 263 720 180
357 659 389 721 in
412 656 544 739 Christo,
568 658 621 722 sod
643 658 725 722 idem
747 675 856 740 corpus
880 660 912 721 ct
933 675 995 721 una
1017 656 1101 721 fides.

307 779 439 843 namquo
461 777 568 825 omnes
591 780 688 826 unum
710 778 819 844 corpus
843 778 961 841 sumus,
984 760 1088 824 omnia
1111 758 1234 823 (thristo

357 866 497 931 membra
519 865 631 949 quibus
655 865 798 930 Christus.
819 865 952 947 corporis
975 866 1007 930 in
1030 868 1122 947 capnt
1144 867 1200 928 est.

307 975 338 1034 et
359 971 430 1053 quia
451 971 513 1034 iam
537 969 693 1034 Christum
716 969 818 1034 induti
839 969 1019 1051 deponimus
1041 968 1153 1048 Adam,

356 1075 496 1157 protinus
519 1075 551 1138 iu
574 1075 709 1157 speciem
732 1073 887 1137 tendimus
911 1074 1092 1158 angelicam.

204 1186 261 1242 185
305 1181 466 1261 propteroa
487 1179 544 1242 hoc
567 1196 642 1259 opus
666 1181 714 1242 est
736 1177 853 1241 cunctis
876 1177 1062 1260 baptismate
1085 1177 1175 1256 natis,

356 1282 525 1365 perfectum
548 1285 583 1346 ut
604 1282 705 1364 capiat
727 1300 816 1345 serus
839 1285 968 1363 uterque
990 1282 1101 1361 uirum,

306 1387 337 1449 et
358 1403 521 1450 commune
544 1388 635 1468 caput
657 1388 719 1449 stet
741 1385 773 1448 in
795 1384 938 1449 omnibus
962 1384 1066 1449 omnia
1089 1383 1241 1463 Christus,

356 1489 480 1555 tradens
501 1489 534 1552 in
556 1507 686 1572 regnum
709 1507 761 1552 rex
784 1506 840 1552 sua
863 1488 1002 1552 membra
1024 1489 1112 1571 patri.

305 1592 420 1656 nubere
443 1593 494 1656 uel
516 1592 590 1656 nubi
613 1593 730 1674 fragihs
752 1593 814 1656 iam
837 1592 950 1656 descrit
973 1596 1058 1657 aetas

203 1704 263 1759 100
359 1696 501 1761 omnibus
525 1699 649 1760 aeterno
672 1714 797 1778 corpore
820 1697 995 1778 conpositis,

307 1817 378 1882 ergo
401 1800 462 1865 mei
484 1818 636 1864 memores
658 1818 714 1882 par
736 1800 910 1865 inuiolabile
933 1818 1054 1883 semper

356 1905 465 1979 uiuite3
489 1905 529 1968 sit
551 1904 640 1969 uobis
663 1922 736 1968 crux
759 1904 934 1968 ueneranda
955 1904 1072 1988 iugum.

304 2008 387 2071 illius
410 2011 445 2071 ut
467 2009 575 2072 matris
597 2009 671 2088 nati,
694 2026 773 2090 quae
796 2024 908 2091 sponsa
930 2026 1074 2090 sororque
1098 2011 1154 2087 est,

356 2112 469 2178 sumite
493 2113 585 2196 digna
606 2113 664 2195 piis
686 2114 810 2194 pectora
832 2111 1019 2191 nominibus

203 2223 261 2277 195
307 2218 338 2279 et
359 2215 447 2280 uobis
469 2217 580 2280 fratros
603 2232 714 2298 sponso
737 2217 906 2280 concurrite
929 2215 1060 2296 Christo,

357 2319 424 2383 sitis
447 2324 482 2384 ut
503 2320 621 2384 aeterni
643 2320 776 2402 corporis
799 2337 861 2383 una
883 2337 962 2383 caro.

305 2423 355 2487 hio
377 2442 431 2489 uos
454 2426 557 2488 nectat
579 2442 674 2504 amor,
697 2441 756 2505 quo
779 2424 903 2507 stringit
925 2423 1036 2487 eclesia
1058 2422 1214 2487 Christum

356 2545 475 2609 quoque
497 2527 635 2592 uicissim
657 2527 744 2591 iilam
767 2526 907 2591 Christus
931 2544 1035 2590 amore
1057 2526 1150 2591 fouet.

304 2631 370 2713 ipse
391 2635 479 2717 pater
501 2631 588 2698 uobis
607 2630 773 2695 ¹benedicat
794 2631 964 2714 episcopus,
987 2630 1052 2713 ipse

201 2741 261 2797 200
355 2735 513 2817 praecinat
534 2734 725 2816 hymnisonis
747 2735 867 2798 cantica
890 2737 997 2798 sancta
1019 2733 1128 2798 choris.

306 2837 372 2918 duc,
395 2838 515 2902 Memor
538 2838 629 2918 elme,
652 2842 721 2902 tuos
744 2837 866 2902 domino
888 2840 960 2902 ante
983 2837 1091 2901 altaria
1113 2839 1201 2900 natos

356 2942 597 3023 commendaque
619 2959 748 3023 precans
771 2939 981 3005 sanctificante
1006 2957 1110 3004 manu.

304 3044 358 3108 sed
382 3045 450 3126 quis
472 3045 545 3109 odor
567 3061 656 3108 nares
679 3045 833 3109 adlabitur
855 3043 977 3108 aethere
999 3046 1151 3108 manans?

355 3147 436 3211 unde
459 3166 543 3213 meos
566 3147 691 3231 stringit
711 3147 763 3211 lux
784 3146 908 3231 inopina
930 3148 1054 3212 oculos?

201 3258 261 3314 205
307 3251 376 3333 quis
397 3253 504 3335 procul
524 3251 576 3315 illo
598 3251 758 3316 hominum
779 3250 909 3333 placidis
932 3269 964 3314 00
986 3249 1127 3333 passibus
1150 3250 1259 3331 adfert,

355 3356 488 3438 plurima
508 3373 599 3437 qnam
622 3353 736 3419 Christi
757 3353 857 3438 gratia
877 3353 1091 3437 prosequitur?

306 3476 396 3539 quem
418 3457 581 3523 benedicta
602 3458 709 3522 cohors
732 3457 851 3541 superis
873 3457 1042 3522 circumdat
1064 3458 1197 3522 alumnis

356 3561 485 3646 angelici
506 3561 642 3626 reserens
665 3560 797 3645 agminis
812 3560 975 3644 effigiem?

305 3683 395 3730 nosco
418 3665 527 3746 uirum,
551 3683 641 3746 quem
663 3664 759 3729 diuini
780 3664 966 3729 comitantur
987 3665 1095 3730 odores

302 3853 359 3922 rao]
379 3852 435 3909 00,
448 3855 472 3917 0,
484 3855 525 3909 as.
580 3852 641 3923 181]
658 3852 742 3908 loor.
757 3855 796 3917 12,
808 3855 849 3909 aa

242 4027 291 4081 ror
304 4010 517 4094 suspensos.
530 4027 621 4095 remp.
676 4026 724 4081 189
737 4025 844 4096 deserit]
857 4026 1157 4098 tortuosarum.
1211 4029 1260 4083 195
1273 4028 1311 4097 0]

198 4111 227 4167 in
242 4113 306 4181 fort.
375 4111 470 4165 fratros
488 4126 582 4181 sponso
601 4111 1003 4182 Schot.,frat1isponsi1ioew.
1077 4117 1125 4169 197
1143 4128 1193 4182 quo
1213 4115 1312 4182 Sciret,

198 4198 244 4269 qui
260 4200 346 4256 Rosea
398 4202 449 4256 206
467 4215 544 4269 quom
561 4200 658 4269 Rorw„
676 4213 754 4267 quam
773 4201 862 4257 Sotot.
