2918 4664
458 279 583 318 carmen
600 264 699 331 XVIII,
710 265 917 332 ibt-HM,
929 269 970 324 38.
1210 251 1270 317 119

254 439 399 523 gentibue
420 440 589 505 innumeris
611 458 717 506 semen
739 441 871 506 caeleste
892 442 1026 508 fuerunt.

192 551 233 606 10
255 543 365 608 horum
387 544 425 608 de
447 560 574 608 numero
596 562 756 628 procerum
777 544 934 611 confessor
955 546 987 610 in
1009 547 1071 612 ista

255 647 331 712 urbe
353 648 443 714 datus
466 648 551 713 Felix
572 649 663 732 longe
684 649 806 732 lateque
827 668 882 733 per
904 650 1011 716 orbem

256 752 388 818 nominis
411 753 537 817 emicuit
557 752 656 818 titulo.
680 753 735 818 sed
754 752 835 819 Nola
857 753 971 837 sepulti

255 857 338 922 iacta
359 857 468 922 domus
490 858 651 938 tamquam
671 856 791 940 proprio
815 857 875 922 sibi
897 857 995 923 sidere
1016 857 1144 942 plaudit.

254 962 353 1026 omnis
377 961 458 1024 enim
480 977 673 1043 quacumque
694 961 776 1027 iacet
795 960 960 1027 mandatus
982 961 1015 1027 iu
1037 981 1090 1028 ora

194 1072 232 1127 15
257 1067 371 1148 martyr
393 1064 484 1129 stella
505 1063 564 1128 loci
586 1064 680 1128 simul
702 1067 734 1129 et
755 1065 908 1129 medicina
929 1065 1083 1146 colentum
1106 1069 1162 1131 eet.

254 1186 388 1250 namque
409 1168 608 1233 tenebrosum
628 1168 727 1242 ueteri
748 1169 880 1253 caligine
902 1169 1053 1234 mundum

255 1274 501 1357 languentesque
522 1273 641 1336 animas
664 1272 826 1338 miseratus
848 1273 881 1336 in
902 1272 975 1338 orbe
997 1276 1115 1338 creator

254 1378 299 1441 sic
321 1394 408 1441 sacra
429 1376 579 1459 disposuit
599 1375 689 1440 terris
711 1378 912 1441 monumenta
936 1377 1067 1460 piorum,

254 1479 369 1564 sparsit
389 1483 425 1544 ut
447 1482 599 1545 astrorum
620 1481 769 1544 nocturno
790 1479 910 1563 lumina
932 1480 1026 1546 caelo.

194 1594 233 1648 20
256 1588 287 1648 et
308 1584 381 1649 licet
401 1601 464 1648 una
485 1582 571 1663 fides,
593 1601 649 1666 par
669 1583 770 1666 gratia
792 1584 823 1648 et
845 1585 968 1648 aemula
988 1584 1086 1649 uirtus

221 1753 223 1757 ,
254 1687 441 1770 martyribus
464 1686 582 1751 cunctis
605 1687 739 1767 maneat,
762 1688 868 1750 tamen
890 1685 1032 1752 omnibns
1054 1687 1154 1752 isdem

255 1790 421 1857 dissimiles
443 1808 571 1873 operum
592 1790 708 1854 formas
731 1792 835 1855 extare
856 1791 1006 1855 uidemus.

255 1897 346 1976 atque
369 1893 443 1958 alibi
465 1893 565 1958 tacitis
588 1893 731 1958 meritum
754 1892 888 1958 sublime
910 1892 1080 1977 sepulchris

254 1998 420 2063 excolimus
442 2015 604 2078 memores,
627 1996 702 2062 alibi
723 1997 890 2062 clamantia
911 1999 1010 2082 signa,

195 2111 232 2166 25
256 2102 435 2185 conspicuas
458 2102 608 2166 miramur
626 2119 712 2184 opes.
734 2099 798 2183 ubi,
820 2101 920 2183 credo,
943 2101 1018 2167 mali
1039 2101 1110 2184 plus

253 2207 356 2271 durior
377 2206 508 2289 inpietas
530 2206 652 2286 retinet,
675 2207 822 2271 maiorem
843 2205 887 2271 ibi
909 2206 1035 2270 morbus

253 2310 353 2393 poscit
374 2329 465 2394 opem
486 2310 618 2394 grauior,
640 2310 693 2376 uel
714 2310 814 2375 adhuc
834 2311 889 2376 ubi
909 2311 1027 2377 caecior
1048 2311 1144 2376 altam

254 2413 399 2497 perfidiae
421 2416 544 2479 noctem
564 2415 660 2479 trabit
682 2432 765 2480 error
787 2418 818 2480 et
839 2432 932 2499 aegra
951 2414 1072 2480 laborat

254 2519 288 2583 in
308 2518 421 2601 populo
443 2517 596 2582 titubante
617 2517 704 2599 fides,
725 2517 769 2582 ibi
788 2518 908 2583 lumina
929 2535 1053 2602 prorsus

195 2631 233 2686 30
255 2622 381 2687 accendi
401 2622 518 2686 maiora
539 2621 627 2687 decet
648 2622 813 2704 mundique
835 2620 979 2687 tenebras

254 2727 438 2790 inlustrante
461 2725 517 2790 deo
538 2724 649 2807 perimi
670 2727 851 2807 mentesque
872 2725 985 2791 retusis

255 2831 408 2894 adtonitas
430 2829 525 2894 oculis
547 2828 742 2912 trepidasque
763 2828 921 2892 intendere
945 2828 983 2892 ad
1004 2828 1086 2911 ipsos

255 2934 351 2998 diuini
372 2933 439 2998 ueri
460 2932 571 3013 radios,
593 2932 722 3016 caligine
743 2935 844 2997 taetra
1071 2944 1072 2947 ’

255 3038 374 3102 soluere
396 3036 581 3120 collyrioque
603 3036 755 3102 medentis
776 3035 924 3120 inungere
947 3033 1071 3100 Christi.

155 3144 233 3204 1”’35
255 3141 338 3224 quod
357 3159 412 3225 per
434 3140 616 3225 apostolicas
638 3141 780 3205 curandis
803 3139 945 3204 sensibus
967 3141 1049 3203 artes

255 3248 323 3310 oete
344 3245 396 3329 pia
416 3245 535 3325 teritur,
557 3244 629 3325 quia
649 3244 718 3308 lene
740 3244 848 3328 iugum
871 3247 902 3307 et
922 3243 991 3308 leue
1013 3240 1130 3307 Christi

256 3353 304 3413 est
325 3367 402 3413 onus
425 3348 464 3412 ad
487 3346 644 3412 Christum
665 3365 741 3430 puro
763 3346 826 3412 iam
847 3346 965 3410 lumine
986 3345 1084 3411 uersis

256 3454 349 3535 atque
372 3451 549 3535 euangelico
572 3450 696 3515 suffusis
717 3453 843 3533 pectora
865 3466 948 3530 suco,
1181 3442 1183 3446 ⁴

197 3649 293 3707 bine?
306 3650 342 3717 A,
359 3648 432 3703 fuera
449 3650 523 3704 Mor.
567 3651 627 3704 >10
645 3647 678 3703 de
694 3650 726 3715 Δ,
743 3663 791 3718 pro
808 3647 896 3702 ΑΒΕ
954 3647 988 3704 18
1005 3644 1183 3718 sydereEat
1199 3645 1271 3711 subt,

155 3732 278 3793 sidcraA
330 3735 523 3805 uniusaurei),
540 3734 697 3789 manetAE
746 3736 778 3790 15
795 3732 976 3788 locieimulA
1028 3734 1061 3789 18
1073 3731 1137 3787 siD
1186 3729 1271 3798 sacra]

155 3839 203 3877 aua
218 3829 243 3876 Δ
301 3822 464 3877 monimenta
480 3827 516 3890 A,
533 3821 698 3875 munimenta
715 3823 740 3873 Δ
796 3822 829 3877 19
847 3821 975 3874 nocturno
992 3821 1024 3884 A,
1042 3820 1171 3872 nocturna
1188 3815 1275 3871 ΔΒΕ

156 3909 187 3965 al
204 3907 308 3964 hisdem
319 3909 347 3963 A
369 3975 376 4011 Ι
397 3909 431 3964 23
448 3907 560 3962 tacitum
572 3907 603 3962 Ε
650 3905 818 3977 sepulcrbum
829 3907 860 3962 D
910 3906 944 3961 26
958 3905 1042 3959 retine
1052 3903 1095 3959 ΑΙ
1146 3902 1272 3956 maiorem

155 4018 194 4075 ibi
209 4037 242 4078 aa
259 4019 385 4074 eudonem
402 4020 430 4075 A
443 4023 508 4076 aad
558 4018 736 4076 arannem
786 4018 939 4073 altumAD
983 4017 1021 4072 >31
1039 4015 1196 4086 perimentes
1214 4017 1272 4082 (que

156 4104 283 4175 cus.)AD
332 4105 504 4163 diattomtas
515 4105 577 4161 DE
625 4103 803 4162 33diuimiA
854 4101 1089 4171 bdoellirioqueD
1139 4099 1272 4156 medentes

156 4191 213 4248 AD
262 4191 398 4261 iniungere
416 4193 445 4248 D
496 4193 529 4247 37
546 4190 632 4246 honus
650 4191 681 4246 Ε
729 4192 763 4249 88
780 4204 858 4245 succo
874 4190 934 4245 DE
