2918 4664
230 268 294 335 240
557 287 582 341 S.
595 287 724 342 Paulini
742 287 860 341 Nolani
878 287 1022 356 episcopi

337 479 399 525 nou
420 462 523 544 cupiat
543 462 679 544 lapidum
702 462 836 544 pretium
860 480 959 545 neque
982 463 1098 526 uellera
1119 460 1228 526 Seruus

387 565 419 629 in
441 583 564 629 cassum
586 565 702 630 reditus
726 565 894 648 dilapidare
917 583 1003 640 suos3

338 672 463 734 ornetur
485 671 578 734 costis
603 670 739 734 animam
762 669 939 750 uirtutibus,
962 673 997 734 ut
1019 671 1060 734 sit

387 790 448 837 nou
471 774 621 838 damnose
644 791 709 854 sno,
733 772 787 837 sed
808 773 942 856 pretiosa
964 774 1039 839 uiro.

255 885 293 938 55
338 895 471 959 namque
493 877 546 942 ubi
568 895 731 960 corporeae
753 879 877 941 curatur
898 877 995 961 gloria
1015 894 1157 960 pompae,

388 981 509 1046 nilescit
530 981 606 1046 uitio
628 981 817 1065 depretiatus
840 981 942 1061 homo,

339 1088 370 1149 et
391 1085 472 1149 male
495 1103 583 1149 mens
605 1085 693 1167 praui
716 1087 839 1149 caecata
860 1084 987 1149 libidine
1009 1085 1074 1148 uoti

390 1189 539 1253 sordescit
560 1188 664 1252 nitidis
688 1189 822 1270 corporis
845 1188 972 1269 exuuiis,

339 1309 395 1356 uec
417 1292 512 1357 sent't
533 1309 627 1374 quam
648 1295 737 1376 turpe
760 1293 852 1356 decus
875 1295 962 1376 gerat
983 1291 1152 1375 improbus,
1174 1295 1210 1356 ut
1232 1292 1272 1356 sit

255 1402 294 1457 60
389 1398 477 1461 ueste
501 1413 558 1460 sua
578 1396 674 1460 leuior
697 1396 749 1479 qui
771 1395 830 1461 sibi
851 1400 938 1461 ueste
959 1397 1069 1478 placet.

338 1499 421 1563 absit
442 1503 477 1564 ut
497 1499 597 1567 idolici
618 1499 760 1564 uideatur
781 1498 846 1564 filia
867 1500 985 1584 templi,

390 1603 491 1686 gentis
515 1604 699 1686 apostolieae
721 1603 784 1668 filia
805 1602 887 1668 iacta
909 1603 1009 1684 domo,

338 1724 399 1771 nou
421 1707 499 1771 fucis
521 1708 603 1771 male
625 1706 697 1771 ficta
720 1710 822 1771 eutem
845 1726 945 1790 neque
965 1708 1085 1772 lumina
1106 1707 1193 1790 nigro

388 1812 515 1892 puluere
537 1829 595 1874 nec
616 1810 695 1875 flauo
718 1811 814 1875 tincta
835 1811 935 1876 colore
958 1828 1087 1875 comam.
1154 1797 1156 1801 Α

255 1921 295 1974 oo
336 1932 447 1996 purum
470 1917 599 1978 naturae
622 1914 714 1979 decus
737 1917 901 1997 aspernata
923 1914 1055 1998 superbo

390 2018 517 2082 crimine
540 2018 680 2082 diuinum
703 2017 735 2082 in
758 2037 791 2083 se
813 2018 870 2083 sibi
894 2018 1021 2084 damnat
1042 2036 1128 2102 opus.

338 2120 453 2186 frustra
474 2121 551 2185 haee
573 2139 606 2185 se
628 2122 739 2187 mulier
760 2122 921 2187 iectauerlt
943 2141 1010 2187 esse
1031 2121 1186 2206 pudicam,

391 2243 470 2308 quae
493 2244 526 2290 se
547 2228 612 2289 tam
635 2226 728 2290 uariis
750 2229 839 2291 ornat
861 2226 1028 2291 adulteriis.

339 2347 394 2393 uos
418 2333 532 2411 autern,
554 2330 683 2394 iuuenes
707 2329 831 2411 Christi,
853 2329 951 2414 fugite
973 2329 1087 2410 omnia,
1110 2345 1239 2412 quorum

258 2441 295 2496 70
392 2433 424 2498 in
448 2433 560 2498 damno
582 2433 716 2517 pretium
739 2436 795 2514 est,
817 2452 892 2503 usus
914 2434 946 2497 in
967 2433 1104 2498 interitu.

341 2536 455 2601 credite
478 2537 591 2601 diuinis
614 2538 716 2603 uerbis
740 2537 777 2601 de
800 2536 932 2602 cultibus
953 2537 1020 2601 istis

390 2641 550 2723 poenalem
573 2641 690 2725 cupidis
713 2660 838 2726 surgere
860 2641 1035 2715 materiam3

340 2745 446 2809 Esaias
469 2746 567 2830 rigida
589 2745 755 2829 cingendas
777 2749 858 2810 reste
880 2746 1025 2825 minatur,
1248 2828 1249 2831 Ἴ

390 2867 468 2932 quae
491 2849 581 2914 modo
603 2850 765 2933 purpureis
787 2849 885 2914 serica
906 2849 1002 2914 mixta
1020 2849 1143 2931 gerunt,

258 2961 295 3015 75
342 2971 419 3036 quae
442 2955 562 3018 tunicas
585 2957 667 3021 ostro
689 2954 798 3018 rutilas
821 2971 955 3035 auroque
978 2955 1137 3036 crepantes

391 3057 479 3122 fluxis
503 3059 594 3123 talari
615 3057 677 3124 fine
698 3058 827 3122 trahunt
849 3057 981 3132 sinibus3

340 3162 465 3227 funibus
488 3163 641 3227 accinctae
664 3180 767 3227 saccos
790 3163 855 3227 sine
877 3161 938 3226 fine
960 3163 1101 3246 gerentes

392 3267 520 3350 grandia
540 3267 661 3350 pistrini
683 3279 803 3330 carcere
826 3283 900 3330 sara
921 3265 1047 3329 molent.

336 3481 380 3551 ae]
399 3481 452 3549 (ns.
464 3483 488 3545 e,
500 3482 552 3549 24).

277 3701 308 3755 51
327 3664 443 3768 preigne
499 3711 582 3764 neque
600 3714 642 3767 qs,
660 3712 714 3751 non
732 3698 820 3753 Sctct.
877 3695 972 3750 uellere
990 3712 1038 3764 qs;
1058 3711 1105 3750 em.
1123 3695 1211 3750 Sciet.
1268 3676 1327 3747 serf
1339 3710 1353 3748 s

234 3786 267 3841 53
285 3784 401 3838 enimam
418 3785 516 3854 155555,
534 3784 621 3838 anima
638 3801 680 3854 qs,
698 3783 801 3838 animm
820 3783 908 3840 Schot.
974 3785 1007 3838 55
1023 3781 1127 3850 iamque
1144 3779 1182 3833 ibi
1200 3794 1353 3848 corporeas

234 3874 340 3926 curatur
358 3873 456 3939 Schot,
474 3856 576 3941 oucfp,
599 3873 759 3926 curnntnrs
836 3885 966 3940 pompeo
1051 3870 1084 3924 56
1098 3867 1246 3922 ‘nitio-58
1264 3865 1353 3919 sorde-

233 3959 374 4029 55555
418 3958 518 4026 uitios,
535 3957 619 4028 pretio
633 3958 721 4015 Sctot.
769 3955 930 4026 depretiatur
946 3973 975 4024 5,·
985 3972 1032 4012 cm.
1048 3956 1135 4012 Sctot.
1189 3955 1221 4008 57
1240 3953 1353 4008 cotetae

233 4047 267 4102 58
283 4045 426 4100 exsuuiiss
486 4047 517 4101 61
537 4044 666 4115 idolicpp
722 4046 755 4100 63
772 4041 946 4113 malefactaq
998 4041 1040 4096 cui
1058 4041 1128 4094 enirn
1146 4056 1170 4110 p,
1189 4038 1231 4093 cui
1249 4039 1290 4092 est
1306 4054 1353 4093 no-

234 4146 378 4200 queescm.
392 4131 479 4188 Sctot.
527 4130 628 4185 lumina
639 4131 715 4199 uirgo
727 4146 774 4200 55·
784 4146 831 4184 cm.
845 4130 934 4186 Scleot.
986 4130 1019 4184 65
1032 4141 1173 4196 superuoq
1224 4126 1353 4180 66-240

233 4235 283 4272 555.
295 4235 330 4288 ps
383 4220 414 4273 77
432 4221 552 4286 gerentes
570 4217 668 4284 155555,
685 4218 819 4285 gementes
838 4216 927 4272 Schot.
