2918 4664
383 302 548 372 appendix.
566 318 691 356 carmen
709 303 731 366 1,
745 302 864 365 lle-11,
877 304 917 358 69.

323 487 357 535 ao
451 483 480 539 et
494 498 572 539 arma
586 480 696 554 quaerit
710 480 829 554 perdita,

400 567 480 626 fldem
498 567 616 626 sinistra
630 568 747 641 quassat
761 567 923 636 obstinatio,

451 654 517 712 ielis
531 671 649 712 recmm.
666 671 724 711 nen
735 654 792 712 diu.

399 741 451 798 hcc
465 742 499 799 ad
515 740 633 799 salutem
650 756 751 799 nemen
767 740 891 798 auditum
907 739 996 810 uenit,

451 828 503 885 hoc
517 844 598 886 cmne
613 826 688 886 tellit
702 827 890 900 pharmacum.

210 994 216 1005 .
324 921 357 969 ee
400 916 515 973 obsessa
529 917 653 973 membra
667 912 840 987 spiritusque
852 914 987 975 ,daemone

450 1003 569 1061 uexatus
584 999 774 1074 impurissime

400 1088 451 1145 hcc
465 1088 517 1145 hcc
531 1086 664 1146 medelam
680 1086 839 1145 sortiuntur
853 1086 976 1157 numine,

450 1175 623 1247 redeuntque
639 1189 751 1231 sursum
765 1175 802 1231 ab
815 1172 915 1232 inferis

400 1263 515 1318 cantata
529 1260 588 1319 diro
603 1259 725 1317 carmine
740 1260 769 1316 et
784 1259 875 1318 bustis
890 1276 959 1318 sone

325 1356 359 1403 40
453 1348 554 1405 deuota
568 1362 635 1421 sagc
650 1362 765 1419 carpam

400 1435 457 1492 uim
472 1433 632 1508 colligentis
647 1431 780 1506 perfidam
795 1432 941 1490 excutiunt
955 1432 1020 1504 luis,

452 1522 480 1578 et
495 1537 566 1578 sena
580 1520 732 1577 uertuntur
745 1519 863 1577 demum.

399 1624 532 1681 compage
547 1623 629 1680 quem
644 1605 736 1665 seluta
750 1605 923 1665 membratim
938 1604 1015 1663 iubet

452 1694 522 1752 lactc
538 1693 633 1752 sedere
648 1691 776 1762 debilem,

323 1787 357 1835 4⁶
401 1798 483 1854 quem
498 1780 627 1847 caecitas,
643 1795 711 1837 crux
725 1778 848 1836 emnium
863 1777 1029 1850 miserrima,

451 1865 558 1926 addixit
572 1865 664 1923 alieno
679 1864 752 1939 pedi,

399 1956 518 2027 umcque
533 1952 660 2010 claudum
676 1968 757 2025 quem
772 1951 870 2009 uenire
884 1950 988 2024 poplite

452 2041 528 2099 uidet
542 2038 676 2097 uniuersa
690 2037 804 2096 ciuitas:

400 2126 461 2185 suis
476 2125 565 2185 redire
580 2124 724 2200 gressibus
739 2125 849 2184 demum
863 2126 972 2197 queunt

324 2220 358 2269 60
452 2230 556 2273 nemen
570 2213 743 2271 celebrantes
758 2211 811 2269 dei.

402 2300 488 2369 salue,
504 2317 520 2359 c
534 2298 635 2372 Apollo
650 2316 725 2369 uere,
740 2298 836 2355 Paean
850 2296 958 2369 inclite,

452 2387 550 2461 pulsor
564 2385 693 2445 draconis
708 2383 807 2442 inferii

402 2473 490 2532 dulcis
506 2471 547 2531 tui
563 2472 696 2546 pharetra
709 2469 873 2539 testimonii,

454 2561 526 2634 qued
541 2560 675 2632 quattuor
689 2558 801 2616 constat
815 2555 895 2627 uiris,

325 2653 358 2700 eu
402 2646 508 2720 sagitte
522 2645 603 2704 melle
618 2643 737 2702 tinctilis
751 2642 922 2717 prophetice,

451 2733 572 2806 pinnata
585 2733 697 2805 patrum
712 2729 842 2800 craculis,

401 2836 483 2878 arcus
497 2819 632 2892 paternae
646 2815 719 2874 ferte
734 2816 850 2874 uirtutis
865 2831 982 2886 sonans,

453 2904 595 2963 miraculis
610 2920 715 2961 neruus
728 2904 830 2975 petens

402 2995 528 3050 strauere
543 2992 664 3049 uemrem
679 2991 768 3047 morte
783 2990 942 3062 serpentem
957 3006 1017 3046 sua.

327 3085 360 3133 60
454 3078 480 3136 ie
496 3077 636 3150 triumphe
651 3075 767 3135 nobilis!

402 3165 490 3235 selue,
505 3166 587 3222 beata
602 3162 705 3221 saeculi
720 3161 847 3231 uictoria,

452 3268 556 3324 pareus
572 3249 645 3309 beati
660 3247 808 3322 temperis!

402 3336 489 3407 selue,
506 3337 577 3410 quud
594 3352 690 3395 omnes
706 3334 800 3393 caelici
816 3333 898 3393 medii
912 3333 998 3393 inferi

452 3441 554 3483 nemen
569 3440 644 3497 genu
659 3421 728 3481 dere
743 3420 874 3479 audiunt!

326 3516 359 3564 ed
403 3510 490 3582 selue,
508 3527 580 3568 unus
595 3525 670 3566 unus
685 3525 760 3566 unus
776 3507 806 3564 in
821 3507 897 3566 trino
912 3507 990 3577 deus,

453 3597 530 3655 salue
545 3613 603 3654 una
617 3595 648 3652 in
663 3611 719 3652 unc
734 3593 863 3652 trinitas!

401 3683 478 3752 haec,
494 3683 542 3740 lux
556 3683 614 3741 lloc
629 3699 691 3739 cum
706 3681 800 3739 leuata
813 3681 927 3738 cardine

453 3770 508 3828 iter
522 3769 653 3828 diurnum
669 3766 798 3841 suscipit,
972 3766 974 3770 '

402 3857 478 3923 haec,
494 3873 555 3914 cum
572 3854 714 3913 occidente
729 3854 772 3912 sel
787 3852 863 3913 subit
878 3870 961 3912 curru
976 3851 1091 3924 fretum,

139 4066 173 4120 32
191 4063 252 4118 felix
271 4063 298 4131 (i.
311 4081 332 4118 e.
345 4061 410 4130 filix)
427 4077 530 4115 reorum
548 4060 653 4129 scripsi,
676 4058 738 4112 felix
755 4073 874 4111 errorum
892 4058 981 4112 Bartle
1030 4062 1092 4127 post
1107 4066 1211 4112 rsuram

96 4153 253 4221 inopum
316 4152 349 4204 53
366 4148 465 4202 faretra
482 4149 569 4203 Barth
636 4148 668 4201 55
686 4144 812 4214 profeticc
830 4145 919 4198 Bartlr
980 4145 1012 4198 61
1031 4142 1125 4198 seculis
1142 4144 1213 4214 coa,-

96 4255 145 4299 ern.
155 4239 244 4294 Barth
