2918 4664
343 335 344 338 ¹
456 325 581 364 carmen
598 310 711 373 XVIIII,
725 313 866 367 156-213.

118 487 179 543 185
203 481 266 545 sint
288 481 376 557 deus3
400 483 533 548 ebrietas
556 484 692 566 demens,
715 504 801 550 emor
821 485 921 568 inpius
944 485 1013 550 illos

201 586 405 663 sanetificeut3
429 588 550 653 abscisa
572 590 674 653 colant
695 590 903 671 miserumque
924 590 1071 672 pudorem

201 691 309 755 erroris
332 691 413 756 foedi
435 693 543 757 matris
566 693 713 776 mysteria
735 693 846 758 dicant.

200 793 292 877 digna
313 795 388 859 tides
410 797 482 877 illis,
506 795 616 879 quibus
639 798 720 862 almo
741 798 774 862 in
795 797 911 861 lumine
934 798 999 862 ueri

198 897 318 980 legibue
341 903 373 964 et
395 901 485 965 castis
509 904 540 964 et
562 918 675 983 magno
697 901 820 964 nomine
844 899 956 965 Christi

113 1009 177 1064 190
200 1002 286 1067 nulla
306 1003 382 1068 tides
406 1007 436 1068 et
457 1005 560 1069 nullus
583 1023 678 1085 amor,
701 1004 827 1085 ideoque
849 1022 906 1068 nec
927 1005 1026 1069 ullum

198 1106 341 1190 indignae
363 1109 496 1191 pretium
519 1109 601 1172 uitae
625 1109 723 1173 estin
746 1109 895 1190 sanguiue
918 1108 1040 1173 Christi.

199 1211 333 1276 sit-deus
355 1212 402 1276 his
425 1216 534 1277 uenter
555 1212 606 1276 uel
628 1216 729 1278 cetera
751 1213 861 1294 gaudia
883 1213 994 1293 earnis,

198 1317 264 1396 quie
288 1317 362 1380 deus
385 1317 450 1399 ipse
473 1318 546 1381 deus
569 1336 630 1382 non
654 1321 709 1397 est,
733 1316 843 1398 quibus
865 1318 897 1380 in
920 1335 1007 1384 cruce
1031 1317 1144 1382 Christi

197 1420 293 1502 gloria
314 1421 400 1485 nulla
422 1421 537 1502 subest,
561 1422 714 1503 quianon
738 1421 880 1504 dignatur
905 1422 986 1485 adire

112 1529 174 1584 195
198 1522 363 1606 degeneres
385 1525 503 1589 animos
526 1525 625 1588 uirtus
648 1525 754 1589 erucis.
777 1525 847 1588 inde
870 1524 979 1589 beatus
1030 1587 1039 1600 ,

196 1625 288 1707 Felix,
312 1631 347 1691 ut
367 1628 478 1710 reliqui
500 1628 620 1693 diuerso
642 1632 793 1711 martyres
815 1627 888 1693 orbe

194 1727 321 1794 Nolanis
345 1732 481 1796 medicus
503 1731 570 1812 fuit,
595 1735 700 1813 estque
722 1732 864 1815 perennis
887 1750 943 1814 cpe
966 1733 1034 1812 ista,

195 1851 252 1897 nee
274 1835 363 1898 modo
384 1835 513 1899 Nolanis
536 1835 589 1899 sed
611 1839 643 1899 et
664 1835 817 1916 omnibus,
840 1853 859 1899 a
881 1835 990 1917 quibus
1014 1837 1096 1901 idem

194 1937 362 2020 inploratus
386 1939 453 2019 erit,
476 1938 562 2003 dabit
582 1940 642 2003 isto
664 1939 728 2002 iure
752 1939 892 2019 salutem,

107 2048 172 2103 200
196 2041 223 2105 si
244 2043 340 2106 erucis
364 2043 446 2106 alma
467 2042 542 2107 fides
564 2043 596 2106 in
618 2046 740 2126 pectore
763 2043 907 2126 suppheis
929 2043 1018 2107 adsit.

194 2145 254 2209 ista
275 2144 350 2209 fides
372 2165 469 2229 genus
492 2147 663 2211 humanum
685 2150 832 2228 curatque
854 2148 991 2229 piatque3

193 2247 269 2312 haee
290 2248 344 2313 ubi
365 2250 496 2315 defuerit
517 2251 679 2331 medicina,
702 2238 870 2315 morabitur
892 2251 959 2314 illic

192 2369 283 2416 omne
304 2353 379 2417 mali
399 2372 541 2437 regnum,
563 2372 620 2418 nee
641 2355 673 2417 in
695 2354 748 2419 illo
770 2354 891 2418 desinet
912 2372 1060 2435 umquam

193 2454 300 2539 Cyprie
323 2457 491 2538 adulteriis,
513 2458 600 2521 turbs
622 2476 750 2541 regnare
772 2457 901 2540 Lyaeus,

106 2567 169 2622 205
192 2559 306 2642 inquo
329 2561 459 2626 defuerit
482 2559 596 2625 Christi
618 2561 714 2645 pudor
737 2564 768 2625 et
790 2562 889 2625 crucis
912 2562 1009 2626 ardor.

190 2663 272 2746 ignis
295 2665 377 2729 enim
398 2665 520 2729 diuinus
542 2665 632 2746 inest,
655 2665 776 2729 ubiuis
800 2666 897 2729 erucis
920 2666 1004 2729 intus

191 2768 367 2832 ardescente
388 2768 447 2832 fide
470 2769 585 2838 cruciat
605 2769 686 2832 male
708 2770 827 2832 conscia
851 2770 942 2832 corda

191 2871 386 2954 uiuificatque
408 2873 543 2937 animam
565 2872 650 2937 uitiis
672 2874 704 2936 in
727 2891 817 2936 cerne
838 2873 1015 2955 peremptIs.

232 2975 373 3040 hostibus
394 2976 442 3040 his
465 2977 578 3041 obtrita
600 2977 650 3040 diu
673 2979 873 3059 eormptaque
895 2976 988 3041 tantis

104 3082 168 3142 210
190 3079 327 3160 pestibus
350 3080 508 3164 ingentem
529 3079 675 3162 poscebat
695 3079 776 3144 Nola
797 3080 970 3160 medellam,
1068 3101 1070 3105 ’

190 3185 280 3264 atque
303 3184 371 3247 ideo
392 3187 541 3266 pensante
564 3184 620 3248 deo
642 3184 806 3248 discrimen
828 3201 977 3267 opemque

189 3285 323 3350 Felicem
346 3287 464 3373 aceepit
486 3288 648 3366 medicum,
672 3287 724 3368 qui
745 3272 1026 3351 uinceret'o'mnem

189 3389 359 3470 quamlibet
380 3392 538 3472 antiquam
560 3392 742 3455 miserorum
764 3391 797 3455 in
819 3390 961 3455 cordibus
983 3391 1057 3454 atris

191 3603 249 3672 192]
268 3604 347 3674 (nnn.
360 3607 385 3670 a,
398 3605 430 3673 1).

97 3805 179 3860 -185
196 3803 250 3858 sint
265 3805 330 3872 AD,
348 3806 383 3859 sit
401 3807 431 3860 Ε
491 3808 540 3862 186
556 3805 670 3860 abscissa
687 3808 717 3861 Ε
765 3807 903 3875 miserique
920 3808 994 3863 Mor.
1048 3808 1097 3863 192
1113 3807 1141 3860 iu
1158 3806 1199 3861 hie

84 3891 142 3946 AD
202 3892 251 3947 195
267 3889 361 3945 beatus
377 3893 442 3960 AD,
459 3891 543 3946 beatis
561 3894 591 3947 Ε
648 3896 698 3949 200
716 3893 753 3946 sic
771 3894 828 3949 AD
882 3894 947 3954 ossib
963 3894 993 3947 Ε
1041 3895 1092 3949 204
1109 3904 1199 3962 cypreo

83 3978 142 4034 AD
191 3976 258 4033 heus
275 3979 306 4034 Ε
353 3982 404 4035 208
421 3979 608 4047 uiuifieansque
625 3981 698 4035 Mor.
751 3983 800 4036 209
818 3980 849 4034 iis
862 3982 892 4035 Ε
940 3982 991 4036 210
1007 3978 1147 4051 poscebaZt
1163 3980 1198 4047 A,

72 4063 449 4140 Δ0080000001),0080008οΕ
498 4065 626 4125 medelam
639 4066 699 4121 DE
742 4073 807 4136 post
817 4085 856 4122 ae.
869 4070 920 4123 213
930 4068 1049 4134 sequitur
1059 4069 1090 4122 io
1100 4068 1141 4121 A:
1156 4066 1198 4120 his

84 4151 130 4220 qui
151 4149 316 4207 crediderant
337 4169 391 4206 esse
412 4152 497 4207 ullum
518 4152 547 4207 in
569 4153 677 4207 crimine
698 4170 804 4218 numen,
823 4156 870 4210 ced
882 4160 947 4223 post
965 4157 1013 4210 175
1030 4154 1198 4210 demerendum
1283 4153 1285 4158 ’

84 4255 137 4295 esec
153 4241 231 4310 signo
247 4241 386 4296 indicatur
443 4292 445 4299 .
