2918 4664
165 269 223 365 172
481 286 507 342 S.
519 286 649 341 Paulini
667 285 786 340 Nolani
803 287 946 364 episcopi

262 465 293 526 et
315 462 575 544 consanguineum
597 465 718 544 pareret
740 462 877 527 fraterna
897 462 1043 545 periclum

261 585 354 631 causa
375 566 452 630 milri
474 583 660 647 censumque
682 585 787 630 meum
809 568 870 629 iem
894 570 993 630 sector
1016 568 1138 646 adisset,

207 679 208 683 ’
261 673 295 734 tu
317 688 387 734 mea
408 670 496 751 colla,
518 673 614 752 pater,
637 670 748 753 gladio,
770 670 956 752 patrimonia
977 670 1051 734 fisco

180 784 242 839 420
265 775 371 839 eximis
394 778 425 839 et
447 773 569 839 Christo
592 775 713 838 domiuo
736 792 806 838 mea
827 793 937 856 meque
960 793 1108 838 reseruas.

261 897 333 943 nam
356 896 416 960 quo
438 878 564 942 consilio
586 877 677 942 rebus
701 879 856 960 capitique
879 897 946 943 meo
969 883 1043 944 tunc

261 982 400 1049 Christus
423 1000 513 1064 opem
535 983 649 1062 tulerit,
672 981 783 1046 Felicis
806 1000 879 1046 cura
900 986 1041 1065 potenter

260 1086 401 1166 adiuerit,
423 1085 526 1150 docuit
546 1105 649 1149 rerum
671 1090 741 1168 post
762 1086 859 1149 exitus
881 1087 1001 1169 ingens,

262 1209 320 1272 quo
342 1192 462 1254 mutata
483 1207 570 1254 meae
593 1208 658 1254 sors
682 1194 714 1253 et
735 1191 890 1253 sententia
911 1191 994 1254 uitae

167 1301 238 1356 ‘425
262 1293 423 1358 abiurante
444 1292 503 1357 fids
526 1294 675 1357 mundum
696 1294 889 1375 patriamque
912 1295 1107 1375 domumque.

260 1397 379 1482 prodita
400 1397 528 1462 diuersis
552 1399 614 1481 egit
636 1399 820 1462 commercia
841 1399 930 1462 terris

259 1501 502 1585 portandamque
524 1520 646 1565 crucem
669 1501 823 1566 distractis
845 1501 987 1566 omnibus
1009 1503 1094 1565 emit.

260 1625 309 1670 res
333 1606 426 1689 igitur
448 1608 549 1669 terrae
570 1606 659 1688 regni
681 1606 822 1669 caelestis
846 1607 920 1669 emit
942 1624 1043 1686 spem3

260 1729 330 1793 spes
353 1711 467 1774 etenim
488 1709 561 1773 fidei
581 1710 680 1774 caruis
702 1729 735 1774 re
758 1710 872 1775 fortior.
896 1711 972 1773 haec
994 1728 1065 1791 spes

178 1823 239 1877 430
260 1817 451 1897 perpetuam,
474 1832 552 1895 quae
575 1815 645 1877 nixa
667 1815 721 1877 deo
745 1817 802 1894 est,
825 1832 892 1876 rem
915 1813 1061 1897 parturit;
1085 1815 1117 1876 at
1138 1831 1187 1876 res

259 1935 370 1981 carnea
391 1918 555 1982 caelestem
576 1917 700 1999 perimit
723 1936 818 1998 spem,
842 1935 920 1998 quae
944 1921 1048 1980 tamen
1072 1921 1103 1980 et
1124 1935 1200 1996 rem,

261 2021 287 2085 si
310 2023 434 2102 superet
455 2021 598 2085 uincente
620 2020 690 2100 fids,
713 2039 775 2085 uon
796 2020 936 2103 protinus
960 2021 1069 2100 aufert,

260 2125 314 2189 sed
334 2124 414 2189 bene
436 2127 587 2188 mutatam
610 2124 713 2189 diuino
735 2125 800 2187 iure
821 2125 978 2203 reformat,

259 2229 296 2293 de
317 2229 420 2313 fragili
443 2239 599 2293 aeternam
621 2229 758 2293 referens
780 2229 928 2309 terrisque
953 2231 1105 2291 remotam

176 2341 236 2396 435
258 2334 291 2397 in
313 2334 404 2398 caelis
427 2336 577 2413 statuens,
600 2332 654 2397 ubi
674 2331 753 2396 fidus
776 2331 892 2395 credita
913 2334 1017 2395 custos

259 2436 397 2502 Christus
424 2437 533 2512 habet3
559 2455 658 2519 neque
680 2440 803 2501 tantum
825 2437 885 2499 isto
909 2454 968 2517 quo
992 2435 1159 2518 sumpserit
1181 2435 1276 2499 istinc

258 2541 430 2623 depositum
453 2558 581 2605 numero
605 2544 718 2619 seruat,
742 2538 796 2604 sed
819 2539 1022 2621 multiplicato

258 2645 306 2709 his
329 2645 381 2727 qui
403 2635 775 2708 crediderint'commissa
797 2642 914 2706 talenta
934 2643 1082 2725 rependet

257 2750 360 2813 fenore
383 2767 477 2830 seque
498 2748 601 2831 ipsum
624 2748 817 2811 credentibus
840 2746 952 2811 efficiet
973 2765 1048 2810 rem.

174 2860 235 2915 440
258 2855 290 2917 et
312 2871 388 2934 quae
410 2871 459 2916 res
482 2853 540 2916 hac
561 2871 595 2915 re
616 2852 728 2934 poterit
748 2851 910 2934 pretiosior
932 2853 1021 2914 esse?

258 2956 285 3020 si
306 2959 389 3020 totus
412 2956 544 3019 mundus
567 2957 642 3019 mihi
663 2974 713 3020 res
735 2956 855 3036 priuata
876 2954 995 3035 fnisset,
1212 3031 1213 3034 Ἴ

258 3073 333 3124 num
354 3059 453 3141 potior
476 3059 598 3123 domino
621 3060 701 3123 foret
722 3060 798 3123 haec
820 3059 972 3140 possessio
995 3056 1139 3123 Christe?

257 3163 377 3244 etquis
400 3182 449 3227 me
472 3166 576 3227 tautae
599 3163 648 3226 uel
672 3181 726 3245 spe
748 3162 837 3225 modo
860 3176 1068 3244 possessorem

256 3265 413 3350 praestitit
436 3285 503 3329 esse
527 3267 591 3330 uei?
614 3266 681 3347 quis
702 3284 753 3328 me
775 3283 842 3328 rem
864 3265 1001 3346 conpulit
1021 3265 1114 3329 istam

174 3378 235 3434 445
258 3389 400 3452 spernere
419 3388 473 3452 pro
495 3369 627 3450 Christo,
647 3372 686 3443 ut
702 3367 861 3432 Christum
883 3368 960 3432 mihi
978 3370 1113 3432 uerteret
1131 3369 1163 3431 iu
1182 3373 1272 3434 rem?

258 3474 324 3556 quis
347 3474 471 3553 uisitur,
495 3491 616 3554 semper
639 3490 708 3535 mea
730 3489 845 3554 magna
865 3472 1012 3554 potentia,
1036 3470 1121 3534 Felix

256 3577 390 3660 peccatis
413 3576 538 3644 inimice
560 3576 637 3640 meis
659 3579 691 3639 et
713 3575 810 3639 amice
834 3576 946 3639 salut?

257 3686 292 3745 tu
314 3681 390 3746 milri
411 3680 540 3744 mutasti
560 3679 693 3763 patriam
716 3679 841 3743 meliore
863 3682 983 3761 paratu,

196 3959 249 4016 418
264 3959 350 4012 rector
366 3956 440 4012 Mser.
509 3948 593 4010 edisse
610 3955 638 4010 A
705 3958 756 4011 419
773 3952 862 4023 gladie
879 3955 909 4008 D
975 3957 1025 4010 420
1047 3971 1088 4008 me
1110 3970 1218 4022 meaque
1240 3957 1271 4011 D

154 4045 206 4102 424
222 4059 256 4114 qo
273 4044 301 4099 A
363 4058 436 4096 meae
453 4043 558 4111 scripsi,
576 4057 635 4095 mes
651 4042 716 4110 AD,
734 4057 792 4094 mea
809 4043 849 4094 est
866 4042 941 4096 Mar.
1003 4043 1053 4096 425
1071 4041 1222 4109 pariamque
1240 4043 1271 4097 D

153 4133 206 4188 426
222 4130 344 4198 eginoni.
357 4130 431 4189 Mur.
483 4127 677 4182 commertiaD
726 4129 776 4183 427
790 4128 920 4183 emicent.
934 4128 1008 4182 Mser.
1060 4130 1111 4183 439
1123 4127 1271 4184 faenoreD

154 4215 241 4288 ipsum
258 4216 323 4285 AD,
340 4233 390 4270 om.
402 4215 476 4271 Mur.
