2918 4664
481 305 506 360 S.
519 305 649 360 Paulini
668 306 787 361 Nolani
805 307 951 376 episcopi

254 500 325 546 cum
348 499 404 546 sue
425 486 492 547 tem
513 483 614 547 saonis
637 483 778 547 cruciarit
800 501 928 566 corpora
948 485 1066 567 poenis,

253 586 451 670 praescripsit
474 585 546 669 qnid
568 604 624 651 nos
647 587 698 651 nel
720 589 792 671 post
812 590 939 671 peccate
960 587 1091 651 deceret.

172 697 232 754 255
298 693 332 756 at
352 694 518 774 postquem
540 690 690 755 inuictam
712 689 839 755 firmans
860 709 917 774 per
938 691 1014 755 talia
1035 693 1174 754 mentem

256 793 357 878 exegit
378 794 502 879 largum
524 797 647 876 tempus
670 794 839 876 statuitque
859 796 982 877 reperta

256 915 334 980 qnae
355 886 479 963 fuerent
501 897 685 980 quaerenda,
709 898 769 963 sibi
790 916 849 963 uox
872 899 954 962 edite
975 899 1059 963 caelo
1082 900 1142 962 est:

254 1001 317 1065 iem
339 995 418 1067 setis
437 1001 603 1084 inpensum
626 1002 729 1085 spatii,
752 1001 862 1066 dilecte
884 1003 1044 1085 propheta,

255 1124 315 1187 quo
336 1104 394 1170 tibi
415 1104 592 1188 prodessem
615 1109 739 1187 tempus
762 1105 818 1170 tibi
840 1123 917 1187 qnae
940 1106 1012 1170 data
1034 1105 1132 1170 sentis

173 1218 234 1298 260
256 1213 292 1274 ut
312 1210 433 1293 prosint
454 1210 521 1274 aliis
545 1213 576 1274 et
599 1228 677 1292 qnae
698 1211 761 1274 iam
783 1210 903 1293 perdita
925 1213 1059 1274 seruent.

254 1333 348 1398 perge
369 1314 463 1398 igitur
486 1317 608 1378 sanctas
630 1315 700 1396 puri
721 1312 860 1378 Iordanis
884 1312 922 1377 ad
943 1312 1052 1378 undas.

256 1416 308 1482 hic
330 1418 516 1499 quicumque
538 1418 701 1482 hominum
724 1418 806 1482 uitae
829 1418 995 1482 commissa
1015 1417 1123 1501 prioris

255 1521 393 1604 paenitet
415 1524 446 1586 et
469 1522 595 1586 tandem
618 1540 710 1587 sensu
732 1522 861 1587 meliora
881 1522 1011 1602 uolutat,

256 1624 347 1689 ablue
369 1626 562 1701 confessum
586 1624 723 1708 quisquis
746 1624 805 1690 tibi
826 1628 931 1691 mente
953 1624 1037 1689 fideli

173 1737 234 1792 265
256 1729 418 1794 crediderit
441 1730 541 1795 delere
563 1728 613 1812 pio
636 1729 789 1794 conmissa
810 1729 944 1809 lauacro,

256 1833 306 1897 ille
328 1836 455 1898 renatus
478 1834 545 1915 erit,
568 1833 638 1899 talis
661 1833 752 1898 modo
773 1833 841 1899 uita
862 1837 1010 1915 sequatur

255 1956 333 2020 qnae
355 1937 465 2021 probet
487 1937 609 2002 ablutos
631 1938 730 2002 uitam
753 1937 917 2002 damnasse
939 1937 1082 2022 priorem.

255 2043 358 2125 pemit
380 2042 490 2106 auditis
513 2042 679 2106 famulanti
701 2045 804 2106 mente
826 2041 980 2107 Iohannes

255 2139 395 2229 protinus
419 2150 450 2211 et
471 2146 553 2229 ripas
576 2146 654 2210 iussi
675 2146 834 2211 descendit
856 2146 894 2210 ad
916 2146 1025 2210 amnis.

175 2259 235 2314 270
257 2250 414 2332 praedicat
434 2250 485 2314 hie
507 2254 671 2333 praecepte
692 2251 741 2314 dei
764 2267 906 2315 sermone
928 2250 1062 2315 uerendo

255 2354 450 2436 infunditque
472 2371 586 2418 nouam
609 2354 789 2418 credentum
811 2355 843 2417 in
866 2354 958 2418 corda
981 2354 1122 2417 salutem.

257 2458 346 2523 diluit
366 2458 476 2522 infusis
500 2456 681 2522 credentum
703 2457 832 2522 crimina
852 2456 979 2541 limphis

257 2561 451 2645 absoluitque
473 2565 575 2626 metus
598 2561 758 2626 hominum
780 2578 956 2643 poenasque
977 2561 1110 2625 remittit

82 2752 84 2757 ι
257 2668 350 2748 etque
373 2666 478 2750 ignem
499 2665 665 2749 restinguit
687 2664 784 2747 aquis,
806 2663 923 2730 obliuia
944 2664 1054 2730 suadet

175 2778 234 2833 att
259 2788 396 2835 errorum
417 2773 613 2852 praestatque
636 2787 734 2834 nouae
756 2781 838 2834 noua
859 2786 986 2852 corpore
1007 2769 1097 2833 uitae.

300 2892 317 2938 o
338 2877 437 2964 pater,
460 2891 477 2938 o
500 2874 660 2939 hominum
682 2891 847 2956 rerumque
870 2859 992 2937 aeterne
1015 2874 1143 2952 creator,

258 2982 332 3061 quot
354 2978 501 3063 gradibus
524 2979 622 3062 percit
643 2980 742 3061 pietas
765 2979 832 3042 tue!
856 2978 908 3060 qui
929 2980 1016 3059 pater
1038 2993 1187 3058 umquem

258 3083 391 3147 'sustinet
413 3082 528 3147 erranti
548 3082 660 3147 totiens
682 3082 840 3164 ignoscere
862 3083 956 3151 nato?

258 3187 313 3250 das
335 3187 421 3269 genti
443 3204 579 3266 sensum,
601 3203 661 3266 quo
684 3186 733 3249 nel
756 3184 837 3249 bona
858 3186 909 3249 uel
932 3184 1014 3247 mala
1036 3186 1173 3247 noscant.

176 3299 237 3354 280
259 3308 320 3355 non
344 3290 430 3377 satis,
453 3290 585 3354 innectis
609 3289 778 3353 seruandae
800 3289 924 3353 uincula
946 3287 1024 3370 legis

257 3395 463 3477 proponisque
485 3393 575 3458 melis
598 3409 713 3475 poenas
736 3394 767 3456 et
788 3393 926 3474 praemia
946 3391 1044 3455 iustis.

250 3499 335 3563 1111
358 3516 479 3580 quoqne
502 3498 570 3580 quis
592 3496 719 3578 spreuit,
741 3495 848 3560 redeat
868 3494 1051 3577 quandoque
1073 3492 1199 3567 libebit3

197 3755 435 3812 254111111111ι
504 3757 555 3811 256
577 3753 657 3822 exigit
674 3754 708 3809 Ν
710 3753 720 3785 ¹
788 3755 839 3809 259
860 3750 991 3821 prodisses
1009 3752 1042 3806 N
1107 3748 1157 3804 tibi
1179 3734 1278 3820 naqa,

156 3860 206 3899 oar.
219 3844 253 3899 N
311 3844 363 3898 260
381 3844 487 3908 seruant
504 3842 537 3896 N
603 3841 653 3895 264
670 3838 721 3893 sibi
738 3838 784 3895 N¹
846 3840 896 3893 265
915 3836 1001 3891 111111
1020 3834 1188 3906 1111111111
1206 3834 1279 3904 rapio

157 3930 260 3985 171112
318 3931 369 3984 268
386 3926 510 3982 famulari
529 3929 562 3983 N
613 3925 733 4001 iohannis
747 3925 796 3985 N¹
854 3927 903 3980 269
922 3922 1043 3978 descendi
1060 3923 1093 3978 N
1095 3920 1106 3954 ¹
1157 3923 1279 3978 272111-

157 4041 267 4095 dentum
284 4040 383 4111 Lopd„
401 4038 534 4094 credentia
551 4040 581 4094 N
644 4037 733 4107 lymfls
750 4037 783 4092 N
785 4037 795 4069 ¹
859 4038 908 4092 275
926 4037 1026 4106 prestat
1043 4049 1108 4104 quqe,
1125 3999 1280 4102 noriuqnoue

157 4126 282 4231 N(core.
295 4145 328 4182 m.
339 4124 368 4195 2)
428 4125 628 4198 2771111117ι
684 4125 734 4180 279
753 4122 890 4180 11161111.
947 4121 1033 4193 gentis
1050 4121 1083 4176 Ν
1085 4119 1096 4153 ¹
1151 4121 1280 4188 281111-

156 4240 281 4326 pmisqne
300 4240 333 4295 N
