2918 4664
156 273 220 340 348
382 292 566 349 carminum
583 295 610 349 8,
622 296 753 349 Paulini
770 297 888 351 Nolani
904 300 1051 369 episcopi

359 476 456 532 eustos
470 476 532 532 este
546 475 589 532 tui
603 475 739 546 custodis,
754 479 852 534 mutua
865 478 963 547 redd03

269 566 318 614 12⁰
411 559 489 634 erige
503 560 654 633 labantem,
669 579 754 637 surge
768 562 893 622 leuautis
906 581 968 637 ope,

359 649 393 703 ut
405 663 471 706 earo
486 664 544 706 non
558 649 654 706 mem
667 651 790 719 tantum,
804 651 853 708 sed
868 668 949 709 mena
963 670 1073 725 quoque
1087 653 1169 711 nobis

411 750 469 791 una
483 733 523 792 sit
536 737 622 810 atque
636 736 706 794 duos
720 736 840 810 spiritus
854 755 929 795 unus
944 739 1011 796 alat.

574 960 787 1012 CABIEB
813 963 859 1012 11.

461 1082 521 1140 Lux
535 1081 611 1141 testa
624 1083 714 1142 saeris
728 1084 791 1141 uult
805 1083 881 1142 litari
896 1085 1020 1159 paginis,

514 1187 626 1228 remoue
639 1168 775 1243 profanos
788 1170 912 1238 codicem

460 1256 565 1330 hymno
580 1258 717 1314 manda
731 1257 854 1315 nominis
868 1257 1029 1331 primordia,

511 1359 584 1417 quae
598 1343 728 1402 Christus
742 1343 863 1417 imperat
876 1343 939 1402 ooli

402 1436 418 1482 e
461 1428 492 1486 in
506 1446 555 1487 ore
569 1429 699 1488 Christus
713 1432 820 1500 nectar,
835 1430 867 1487 in
882 1430 981 1504 lingua
995 1430 1090 1502 tauns,

512 1516 653 1576 ambrosia
666 1515 734 1574 uiua
748 1516 779 1575 in
793 1519 919 1591 gutture,

461 1601 536 1661 lotus
549 1604 633 1661 beata
647 1603 678 1662 in
692 1605 814 1677 pectore,
829 1621 846 1660 a
860 1621 917 1676 qua
931 1604 1042 1663 nosoias

513 1688 590 1748 abire
604 1691 721 1764 gustata
734 1690 830 1760 semel,

461 1775 516 1833 mel
529 1775 562 1833 in
575 1776 715 1847 medullis,
731 1776 778 1834 lux
792 1793 895 1836 serena
911 1776 1036 1851 pupulis,

387 1869 419 1915 ιο
512 1861 544 1920 in
559 1862 676 1921 auribus
690 1862 767 1921 uitae
782 1880 879 1922 sonus.

460 1947 556 2024 ohelys
570 1948 615 2007 uel
629 1949 767 2023 plectrum
781 1949 878 2008 suauis
893 1950 1070 2023 eloquentiae
1085 1947 1093 1961 '

512 2036 564 2094 beo
578 2035 692 2095 nomine
706 2036 802 2095 audito
815 2036 897 2094 redit.

460 2138 545 2181 eursu
559 2124 693 2196 uagante,
709 2122 815 2182 lubrieo
829 2121 997 2194 infortunio,

511 2208 745 2283 temptationibus
759 2209 836 2278 mali,

386 2301 418 2350 1⁶
460 2295 510 2353 siti
525 2297 554 2353 et
567 2293 652 2366 lame,
667 2295 758 2354 ualere
773 2297 802 2354 et
815 2295 882 2369 algu
900 2295 1018 2354 mortuis

511 2382 651 2456 malagma
664 2384 813 2455 praebetur
827 2385 938 2455 potens.

460 2468 605 2541 penetrale
619 2468 724 2526 mentia
739 2468 801 2526 dira
814 2467 972 2541 desperatio

508 2554 703 2629 peeeaminum
717 2558 752 2614 ob
767 2555 866 2613 molem
880 2555 983 2627 quatit,

461 2641 554 2700 saeuit
567 2643 687 2716 paterna
700 2640 733 2699 in
748 2641 856 2701 uieoere
870 2640 925 2701 imo
940 2641 1077 2715 prauitas,

385 2735 419 2782 ao
511 2726 597 2787 libido
613 2726 758 2787 sueoentlit
772 2726 858 2798 iaoes,

462 2813 524 2872 auri
538 2814 638 2889 eupido
653 2814 736 2873 molle
750 2817 849 2889 peetus
868 2813 970 2872 ineitat

512 2917 564 2975 par
577 2899 623 2960 ias
637 2899 775 2975 nefasque
789 2918 898 2976 eogere,

460 2986 595 3046 faetentis
608 2988 721 3046 animus
736 2989 832 3047 sorbet
845 2986 1000 3061 ingluuiem
1014 2986 1097 3061 gulae

512 3074 624 3134 Venere
637 3077 723 3148 atque
737 3074 846 3132 Bamho
860 3073 1007 3147 perditam,

386 3166 419 3215 te
461 3163 597 3220 eruentus
611 3161 687 3220 ultor
699 3162 795 3235 raptat
809 3159 983 3218 iracundiam

512 3263 644 3307 mucrone
657 3250 786 3322 prompto
801 3247 956 3320 stinguere,

461 3332 567 3393 inferre
581 3334 698 3392 mandat
711 3336 801 3393 temon
815 3331 1013 3402 intortunium,

512 3437 611 3480 eauere
625 3420 699 3494 quod
712 3418 807 3494 possis
821 3419 903 3489 male,

462 3507 507 3566 uis
521 3506 663 3582 impotens
677 3506 721 3565 sui
736 3505 802 3565 eieit
815 3505 982 3579 patientiam

200 3783 251 3838 11¹9
268 3748 407 3849 eustodi'(¹
420 3799 454 3836 oo.
466 3781 494 3849 2)
512 3795 530 3833 o
582 3778 761 3836 laubiensis
778 3779 810 3834 ia
825 3796 879 3833 roe.
892 3782 956 3832 Μ
971 3795 989 3831 o
1042 3779 1088 3832 121
1108 3791 1166 3829 non
1178 3775 1210 3831 ff
1231 3793 1275 3830 ea-

157 3867 252 3922 demu
304 3869 353 3923 122
370 3867 455 3936 adque
472 3883 489 3919 σ

198 3953 235 4008 IL
253 3983 286 3993 -
306 3957 318 4009 l
337 3954 413 4008 litare
431 3955 520 4010 Bortlo
587 3955 604 4008 3
622 3951 748 4022 nominis]
766 3951 874 4005 luminis
891 3953 1002 4006 Lebrem
1072 3953 1102 4006 11
1122 3949 1213 4020 chelys
1230 3949 1275 4004 uel

156 4042 261 4111 scripsi,
278 4039 332 4094 elin
349 4040 391 4094 uel
409 4041 473 4104 eod„
492 4039 595 4107 elingue
612 4038 743 4108 plectrum
759 4039 847 4093 Bortb
900 4039 931 4092 17
948 4039 1090 4091 mentiatur
1106 4035 1275 4105 penetrale-

156 4145 196 4182 ue.
208 4129 242 4182 32
259 4142 313 4180 non
330 4126 376 4180 diu
392 4133 423 4181 ot
439 4127 635 4196 imopatiuo
650 4126 707 4180 aab.
721 4125 809 4178 Bortb
879 4124 911 4179 18
927 4123 1108 4191 peeoaminum
1125 4140 1172 4176 eon.
1185 4123 1276 4179 Bane

156 4214 188 4267 ia
198 4230 259 4283 mo„
269 4215 436 4282 peecatorum
447 4212 504 4269 ood.
556 4213 590 4267 23
601 4209 691 4265 sorbet
700 4211 805 4280 scripsi,
817 4208 907 4262 horret
918 4209 983 4275 eod„
996 4207 1072 4262 ardet
1082 4209 1150 4264 eost.
1163 4208 1276 4264 Letoon
