2918 4664
508 310 635 380 carmen
650 320 746 391 ml,
757 327 899 383 525-579.

349 515 405 563 nes
427 499 472 565 ita
492 501 609 566 histari
628 503 788 585 amquam
809 501 950 567 hemines
972 517 1101 574 uacucs;

298 619 372 667 nam
394 604 421 667 si
442 606 527 669 certa
548 604 624 670 fides
646 605 733 671 uehis
756 607 828 689 qnia
849 605 990 672 Christus
1011 605 1098 669 Iesus

349 710 488 773 mortuus
511 711 559 774 est
579 711 612 774 et
633 728 714 774 nunc
736 711 814 774 uiuit
834 711 867 774 in
890 727 958 774 arce
980 709 1039 788 dei,

196 815 255 870 566
300 810 344 874 sic
366 813 398 874 et
419 829 481 892 eos,
504 812 687 896 quicumque
709 813 768 878 fide
791 814 914 878 uiuente
935 812 1107 895 quiescunt,

349 913 480 980 adducet
502 915 624 982 Christe
646 935 716 982 cum
739 921 896 982 remeante
918 921 1014 999 pater.

298 1017 356 1082 hcc
378 1020 493 1083 etenim
513 1021 544 1084 in
567 1020 661 1085 uerhe
683 1021 798 1086 demini
820 1022 909 1085 decet
930 1021 982 1084 ille
1004 1020 1162 1102 magister,

350 1139 410 1204 quc
433 1123 509 1187 duce
532 1124 665 1188 sidereas
688 1125 815 1189 nitimur
836 1125 880 1188 ire
901 1125 978 1204 nias,

299 1226 379 1306 qued
400 1227 510 1307 quihus
532 1228 563 1291 in
586 1227 707 1294 Christe
729 1229 822 1293 fuerit
844 1228 933 1292 mode
954 1228 1021 1291 nita
1041 1228 1174 1310 peracta,

196 1335 256 1392 560
352 1330 448 1394 isdem
472 1349 542 1395 cum
565 1331 686 1397 Christe
709 1333 774 1396 uita
795 1332 937 1416 perennis
960 1331 1026 1394 erit.

299 1451 430 1516 cumque
453 1436 529 1500 tuba
551 1437 674 1520 signum
697 1437 813 1501 domini
835 1436 1030 1501 aduentantis
1053 1434 1092 1499 ab
1114 1435 1177 1498 alta

350 1541 421 1604 sede
442 1541 539 1622 patris
560 1542 701 1624 princeps
725 1541 852 1625 angelus
875 1539 1011 1620 ediderit,

298 1636 390 1725 primi
413 1645 519 1725 quiin
541 1643 663 1709 Christe
686 1648 800 1709 mortes
823 1645 924 1709 obiere
944 1645 1117 1726 resurgent,

349 1748 468 1831 dignati
490 1767 651 1813 occursum
673 1748 808 1814 nuhihus
827 1749 872 1812 ire
894 1747 959 1812 dee.

198 1858 257 1914 565
300 1869 432 1934 cumque
455 1870 562 1919 omnes
583 1853 615 1916 in
637 1870 698 1935 qua
719 1855 861 1917 uirernnt
882 1869 972 1916 carne
993 1850 1145 1930 reniuent,

349 1973 411 2019 nen
432 1974 540 2020 omnes
561 1974 651 2020 nerse
673 1973 797 2039 corpere
818 1957 925 2021 lumen
948 1957 1046 2018 emnt.

299 2076 431 2140 namque
453 2077 659 2143 resurgemus,
683 2061 736 2124 sed
759 2076 820 2124 nen
842 2057 1032 2123 mutabimur
1053 2073 1175 2131 cmnes;

350 2163 407 2227 hec
429 2163 594 2228 discrimen
616 2164 674 2229 erit
695 2163 841 2248 gentibus
864 2165 935 2227 ante
957 2161 1058 2225 deum.

299 2267 476 2350 incorrupta
496 2268 694 2351 profanorum
717 2286 836 2350 queque
858 2283 985 2349 corpora
1006 2267 1133 2349 smgent

196 2377 256 2434 570
347 2388 371 2435 a
391 2372 531 2452 tumulis,
552 2373 644 2456 lenge
666 2372 781 2455 pabula
802 2371 959 2454 eupphde.

298 2475 363 2540 nita
385 2475 441 2539 erit
462 2476 512 2540 his
534 2477 600 2540 sine
622 2475 683 2540 fine
705 2476 782 2540 meri
804 2479 836 2539 et
857 2493 939 2538 mers
961 2474 1065 2537 uiuere
1086 2473 1193 2556 poenis

349 2581 381 2642 et
402 2578 532 2643 durante
555 2597 627 2643 suas
649 2597 774 2661 pascere
797 2596 888 2642 earne
910 2595 1025 2641 cruces.

298 2682 364 2764 ipse
387 2700 459 2746 sues
480 2683 601 2765 proprio
623 2685 763 2764 peccator
785 2699 910 2763 corpere
931 2681 1039 2764 gignet

349 2784 507 2849 carnifices
529 2789 561 2850 et
583 2786 640 2849 erit
661 2784 819 2849 nermihus
843 2802 914 2849 esea
935 2785 1008 2848 suis.

196 2896 256 2952 575
301 2892 334 2953 at
355 2908 431 2971 ques
453 2889 577 2954 caelesti
598 2890 696 2973 pietas
719 2889 854 2953 euererit
875 2891 955 2968 actu,

349 2994 530 3077 participata
550 2996 660 3077 gerent
682 2997 849 3057 stemmata
869 3010 941 3076 rege
963 2992 1020 3057 dee

300 3098 464 3181 uestitique
487 3116 577 3162 suum
600 3097 705 3161 diuino
727 3097 845 3161 lumine
868 3114 978 3179 cerpus

350 3203 522 3267 conformes
545 3201 666 3266 Christe
688 3220 811 3284 semper
833 3203 927 3284 agent
948 3199 1081 3264 demine.

299 3307 379 3387 qued
402 3324 471 3369 cum
494 3306 538 3370 ita
561 3305 612 3386 sit,
635 3306 734 3389 capite
757 3324 793 3368 en
815 3304 882 3368 istis
906 3305 1018 3368 solacia
1038 3302 1140 3368 uerhis

248 3530 310 3599 566]
328 3530 352 3598 (Ι
370 3530 428 3586 sor.
443 3531 483 3594 15,
496 3532 546 3599 51).
599 3528 662 3598 578]
679 3528 703 3598 (Ι
721 3528 900 3596 Thess.4,17.
915 3529 963 3596 18).

190 3741 240 3793 553
258 3738 376 3793 nehisT
442 3739 492 3794 554
510 3738 591 3807 nunc]
610 3739 644 3790 nir
661 3738 688 3791 Β
758 3737 969 3792 assarones
1034 3749 1212 3803 quaecumque
1233 3734 1264 3800 0,

147 3839 309 3892 quecumque
326 3825 354 3878 Β
406 3827 456 3881 556
474 3824 610 3879 aducetT
660 3826 709 3879 557
728 3822 829 3877 domini
847 3824 873 3877 Β
890 3839 910 3880 c.
924 3824 941 3877 l.
954 3827 1018 3876 aad
1081 3824 1131 3877 558
1148 3819 1219 3888 qued
1236 3821 1263 3874 Β

147 3914 197 3967 560
214 3910 298 3964 isdem
318 3913 347 3978 Τ,
364 3911 467 3964 hisdem
480 3912 533 3966 ΒΟ
584 3910 724 3980 perhennis
736 3912 790 3964 ΒΤ
838 3909 889 3964 563
906 3911 1005 3962 mortes
1022 3906 1108 3962 obiere
1124 3926 1149 3976 c,
1166 3909 1264 3960 mortes

147 3996 218 4050 chire
240 3997 270 4064 0,
287 4000 372 4051 morte
390 3997 475 4051 suhire
493 3999 547 4052 BT
617 4000 666 4054 565
684 3997 769 4050 omnis
786 3997 813 4050 Β
885 3995 972 4048 ninere
990 3996 1016 4050 T
1084 3995 1222 4062 resurgent
1238 3995 1264 4048 Β

147 4086 197 4138 567
215 4083 376 4137 mutabimus
394 4085 437 4138 Β’
483 4087 532 4140 569
550 4100 652 4152 queque
672 4084 722 4151 Tc,
740 4097 789 4151 que
806 4081 861 4137 ΒΟ
923 4084 973 4137 570
991 4081 1018 4150 a]
1037 4081 1110 4137 acO
1170 4083 1218 4136 571
1238 4084 1265 4134 ct

147 4171 286 4225 delendum
304 4177 387 4226 censet
405 4172 579 4226 Zechmcister
639 4172 689 4226 576
706 4172 799 4240 gerent
817 4171 847 4237 T,
865 4171 957 4238 regent
974 4169 1048 4226 BOe
1099 4169 1210 4223 sternata
1228 4168 1263 4236 B,

147 4258 320 4324 stegmataT
368 4260 417 4312 579
436 4257 572 4313 selatiaT
