2918 4664
168 331 228 397 138
493 349 663 405 5555155
679 349 799 410 uerunt
816 350 959 420 episeopi

237 532 240 539 ’
266 543 359 591 55555
382 529 448 591 erat
470 526 662 610 specubusne
683 526 769 591 55515
792 526 828 590 de
850 543 935 590 more
956 515 1121 606 latronum,

264 628 409 695 indicium
431 633 584 712 metuens,
606 630 774 695 credendae
796 629 913 694 fraudis
935 648 1057 695 auarus.

263 735 335 801 inde
357 751 430 800 suae
451 739 575 801 tentum
596 736 718 801 tunieae
737 752 797 800 ’555
817 734 902 800 furta
923 735 1073 800 nefandus

182 845 242 903 575
264 837 443 920 crediderat
466 857 528 922 qne
548 840 726 905 restrictum
749 839 878 906 nodarat
900 838 1047 903 amictum

263 942 456 1027 suspendens
477 944 604 1009 fluidam
626 944 741 1009 nudate
762 943 878 1026 poplite
900 946 1030 1008 uestem.

262 1047 342 1112 hane
364 1046 424 1114 sibi
444 1047 556 1131 praede
577 1066 692 1132 penum
714 1047 839 1112 sceleris
853 1050 936 1111 tune
958 1049 1057 1111 semet
1078 1046 1110 1110 in
1133 1047 1198 1128 1555
1220 1072 1222 1074 ·

263 1153 425 1233 struxerat,
448 1154 479 1216 et
500 1152 592 1236 digne
613 1152 669 1216 tuli
690 1155 739 1216 est
759 1151 921 1223 formidine
944 1151 1077 1232 uinctus,

263 1254 399 1320 erederet
420 1258 455 1320 nt
476 1255 571 1320 nullis
592 1256 698 1321 miseri
720 1255 874 1320 5555555155
894 1255 979 1335 furti,

179 1367 241 1422 585
263 1361 299 1423 nt
320 1358 444 1424 seeleris
467 1360 547 1429 tanti
568 1360 711 1444 conlegia
732 1360 815 1424 selus
837 1358 965 1423 haberet

262 1465 293 1527 et
314 1463 401 1528 siuns
421 1463 505 1528 illius
527 1462 615 1529 fieret
636 1455 776 1529 enstedin
797 1463 883 1544 finti,

262 1566 348 1632 euius
371 1567 553 1652 sacrilegam
576 1568 678 1633 inerat
699 1585 809 1632 manus
831 1584 907 1632 ausa
928 1566 1080 1649 rapinam,

261 1670 327 1753 ipse
350 1690 442 1737 snum
464 1672 523 1737 sibi
544 1671 639 1739 ferret
660 1690 737 1736 5555
760 1672 921 1753 solumque
943 1673 1086 1754 55555555

260 1775 471 1859 pollueretque
494 1794 567 1840 5555
588 1776 691 1841 letalis
713 1775 834 1840 sarcina
853 1773 995 1857 praedae,

179 1884 238 1942 585
262 1881 296 1943 ut
318 1880 395 1944 nihil
417 1898 454 1944 ex
476 1880 530 1944 1115
552 1897 686 1944 nanuum
707 1879 856 1964 inpietate
879 1881 1028 1958 maneret,

262 1983 314 2064 qni
336 1984 470 2065 spolium
492 1984 616 2047 seeleris
638 1983 733 2047 saeris
756 2001 792 2048 ex
815 1982 941 2046 aedibus
964 1984 1068 2046 551515

261 2085 422 2151 includens
444 2087 551 2151 habitu
574 2087 673 2151 sinete
695 2086 918 2170 constringeret
939 2085 1043 2168 ipsum

261 2192 354 2274 atque
375 2191 440 2255 suis
463 2192 586 2275 signum
608 2191 823 2273 praetenderet
844 2190 909 2272 ipse
931 2188 1057 2254 eatenis.

260 2312 393 2376 namque
416 2294 503 2358 breui
525 2298 633 2376 eaptus
656 2294 790 2359 mutauit
811 2294 934 2378 cingula
955 2292 1076 2373 ninelis,

178 2404 238 2462 590
261 2401 356 2480 utque
379 2416 488 2463 aurum
511 2397 630 2463 sinibus
650 2397 803 2462 distinete
823 2400 911 2462 ueste
933 2397 1042 2462 selntis

260 2501 381 2584 desidit,
404 2521 440 2567 ex
462 2502 530 2586 1555
551 2502 653 2566 luerat
675 2518 735 2584 qua
757 2500 876 2565 5155155
897 2500 1020 2565 habene

259 2606 381 2670 5155155
404 2623 456 2670 555
479 2624 554 2688 quas
577 2607 610 2670 in
632 2622 720 2670 saera
741 2605 821 2668 (1555
842 2603 1015 2669 tetenderat
1036 2603 1134 2667 audax

258 2709 371 2793 praede
393 2728 514 2790 manus,
537 2708 651 2792 proprii
673 2711 780 2790 eaptus
803 2707 966 2773 nodamine
987 2708 1054 2788 leri,

259 2813 365 2877 retulit
386 2817 418 2877 et
439 2813 569 2896 praedae
591 2829 705 2877 555555
728 2814 759 2876 et
779 2815 862 2876 reste
883 2811 1026 2895 repletas.

178 2923 237 2979 595
261 2936 370 2981 uerum
393 2918 419 2982 si
440 2918 563 3000 penitus
586 2919 684 2990 tetam
707 2919 846 2999 spectare
867 2915 1000 2983 uelimus

258 3020 372 3085 ordinis
396 3020 493 3086 erecti
515 3021 626 3085 seriem
648 3020 748 3103 magis
772 3018 808 3084 55
830 3021 929 3102 magis
952 3019 1037 3083 omni
1201 3103 1203 3107 ¹

258 3124 290 3188 in
312 3125 422 3206 speeie,
445 3126 495 3189 uel
518 3142 579 3206 qna
600 3125 691 3188 latuit
713 3124 813 3188 555155
835 3126 927 3205 atque
948 3122 1105 3187 reclusum

257 3229 377 3309 claruit,
400 3228 579 3292 admirande
601 3228 649 3292 dei
671 3246 832 3292 cernemus
854 3230 960 3309 operte

258 3333 392 3397 Felieem
413 3332 547 3416 gessisse
571 3349 673 3396 manu.
696 3332 760 3395 iam
780 3330 915 3414 plurima
935 3333 1017 3394 retro

176 3444 237 3500 600
260 3436 401 3517 diximus,
424 3439 460 3500 ut
481 3436 602 3519 fugiens
625 3452 686 3499 555
708 3434 824 3518 fugerit
845 3437 939 3516 utque
960 3432 1092 3499 redactis

257 3538 400 3622 passibus
424 3556 565 3603 emensos
588 3556 644 3602 sna
665 3557 720 3620 per
741 3537 874 3620 uestigia
896 3553 1001 3600 cursus

198 3826 248 3880 575
270 3837 350 3891 qnare
372 3821 495 3877 strictum
517 3823 547 3876 D
567 3822 642 3876 Mur.
732 3788 844 3889 nodprat
861 3821 887 3874 A
910 3820 931 3887 (²
953 3838 986 3874 ra.
1008 3821 1044 3888 2),
1062 3817 1176 3873 nudarat
1197 3820 1274 3876 Mar.

155 3911 206 3966 576
223 3908 351 3964 fluuidem
369 3909 396 3964 A
469 3910 519 3965 577
537 3923 650 3976 paennm
668 3908 705 3972 D,
727 3922 840 3976 poenum
858 3907 885 3961 A
959 3906 1026 3959 harre
1047 3905 1144 3974 praede
1160 3921 1274 3974 poenam

154 4000 223 4053 cent.
242 3996 316 4051 Mae.
374 3996 500 4051 tenente
518 3994 575 4049 AD
635 3995 684 4049 587
703 3993 792 4047 cinctu
808 3993 865 4048 AD
922 3992 1112 4061 constringeret
1129 3993 1193 4061 AD,
1212 3991 1275 4047 snb-

154 4107 344 4176 stringnen
402 4107 600 4163 55155555
652 4107 702 4161 594
719 4065 812 4159 rinna
829 4105 859 4159 5
909 4106 977 4159 reste
995 4105 1030 4172 5,
1048 4107 1117 4157 555
1135 4104 1275 4172 515555

154 4195 229 4249 Mur.
282 4195 331 4249 595
348 4193 471 4263 paenitus
487 4193 545 4247 AD
604 4194 691 4246 lotum
710 4193 739 4246 D
794 4193 844 4248 597
862 4191 946 4245 scelus
964 4192 999 4258 D,
1017 4208 1066 4247 om.
1085 4191 1142 4246 AD
1194 4195 1274 4262 55555

155 4281 189 4348 Ε,
208 4294 288 4347 aeque
306 4280 363 4334 AD
414 4278 496 4336 latuit
513 4293 597 4348 qnane
616 4280 671 4332 arte
688 4277 804 4332 reelnsns
822 4278 896 4334 Mar.
949 4279 999 4333 598
1017 4276 1181 4332 ammiranda
1198 4279 1229 4335 D
