2918 4664
149 272 209 337 168
381 277 383 281 ¹
475 287 639 342 S.Paulini
656 287 777 341 Nolani
794 287 940 357 episcopi

249 467 341 528 natus
363 465 399 527 ut
420 468 564 528 aeternae
587 463 669 527 uitae
691 482 767 545 puer
789 461 897 526 arbore
921 461 959 526 ab
982 463 1036 526 ille

301 569 469 651 suseiperet
491 585 614 648 nomen,
637 585 715 648 quae
738 568 804 630 sine
826 565 887 630 fine
910 567 998 630 uiret.

249 671 339 754 pinus
363 672 446 736 enim
469 690 591 754 semper
613 670 739 735 florente
762 671 921 735 eacumina
942 661 1094 753 perstans,

301 794 422 857 semper
445 793 552 839 amans
575 775 665 839 oelsis
688 775 752 838 alta
773 792 894 839 somaro
916 775 1006 858 iugis,

166 888 227 942 300
250 898 312 944 uon
335 882 435 944 mutat
458 880 592 961 speeiem
614 897 685 942 oum
708 883 847 962 tempore
870 876 1017 961 (namque
1041 878 1098 943 sub
1122 882 1210 944 aestu

304 987 335 1047 et
356 985 427 1047 niue
449 1001 505 1067 par
527 982 653 1047 sibimet
675 987 738 1047 stat
760 982 914 1046 uiridante
937 982 1038 1066 ooma)

252 1087 361 1150 fertilis
384 1090 416 1150 et
438 1087 541 1150 fruotu
565 1086 684 1151 ualidae
706 1087 793 1149 nueis
816 1086 900 1151 intus
924 1086 963 1149 ed
985 1105 1088 1150 eseam

301 1192 350 1255 lao
372 1193 514 1255 tenerum
537 1191 637 1274 orispo
659 1189 797 1273 tegmine
819 1192 918 1253 mater
940 1189 1044 1270 habet,

251 1294 375 1378 pinguis
398 1293 559 1358 odoratum
582 1293 714 1358 desudat
736 1293 826 1358 taeda
847 1293 1010 1375 liquorem,

170 1405 230 1461 305
305 1401 341 1462 ut
362 1415 419 1462 neo
440 1398 473 1462 in
495 1400 561 1480 ipso
584 1397 675 1462 arbor
696 1397 805 1462 robore
828 1398 869 1462 sit
891 1397 1016 1462 sterilis.

252 1501 444 1584 haeoigitur
466 1504 558 1585 typus
581 1505 630 1568 est
651 1501 769 1566 aeterni
791 1502 925 1585 eorporis
948 1501 1048 1581 arbor,

292 1605 433 1688 'pulchra
454 1605 539 1669 ferax
561 1606 652 1670 uiues
675 1606 770 1670 arduo
792 1605 885 1670 odora
905 1605 1018 1668 uirum.

252 1709 342 1773 istius
364 1709 462 1775 instar
485 1696 542 1773 erit
563 1709 687 1774 domino
709 1729 785 1792 puer
807 1711 865 1774 isto
887 1709 997 1773 beatus
1111 1760 1113 1764 .

305 1811 434 1893 arboris,
455 1815 491 1877 ιιι
512 1817 639 1877 maneat
660 1813 762 1897 gratia
782 1832 893 1895 perpes
916 1814 953 1878 ei.

56 1973 58 1976 Α
173 1924 234 1979 310
257 1916 379 1997 iamque
402 1917 457 1981 (leo
479 1917 637 1999 plantatus
660 1918 726 2000 agit
747 1920 914 1998 sanctoque
936 1917 1076 2000 profectu

304 2019 497 2084 fructiferum
520 2021 642 2085 adtollit
663 2021 754 2103 pinus
776 2025 812 2086 ut
834 2022 898 2086 alta
920 2024 1020 2103 oaput.

255 2123 371 2188 eminet
391 2124 440 2188 hio
462 2125 583 2208 proprio
606 2124 684 2188 milri
705 2124 787 2198 filius
809 2125 842 2189 in
864 2143 958 2210 grege
980 2125 1113 2207 primus3

306 2231 354 2292 ast
376 2228 456 2292 aliud
481 2227 560 2292 mihi
582 2246 638 2312 par
659 2229 766 2293 lumen
787 2230 821 2293 in
842 2227 966 2293 Asterio
990 2232 1047 2310 est,

255 2349 348 2414 quem
370 2331 463 2396 simul
485 2331 649 2396 unanimes
671 2349 746 2396 uera
767 2333 884 2417 pietate
905 2336 1050 2416 parentes

172 2443 233 2499 315
306 2435 460 2500 infantam
482 2421 604 2501 (lhristo
627 2437 815 2502 constituere
838 2456 971 2519 ssorum,

256 2542 292 2602 ut
309 2543 475 2622 tamquam
497 2537 621 2605 Samuel
644 2541 752 2625 primis
775 2542 917 2626 signatus
940 2540 978 2615 ab
1002 2542 1092 2606 annis

307 2647 459 2709 oresoeret
479 2644 511 2708 in
534 2645 648 2709 sanatis
671 2647 763 2709 uotus
786 2646 888 2710 alente
910 2645 975 2709 (leo.

256 2746 357 2829 prima
378 2765 490 2829 parens
514 2746 629 2813 Christi
651 2748 709 2813 sub
731 2749 855 2813 nomine
878 2767 1038 2813 murmura
1060 2749 1161 2829 soluit,

309 2853 340 2914 et
362 2850 476 2916 domini
497 2869 611 2917 nomen
632 2852 734 2935 prima
755 2853 889 2934 loquella
911 2852 980 2934 suit,

175 2961 240 3026 320¹
257 2954 381 3035 iamque
403 2958 532 3037 parente
554 2955 610 3020 deo
632 2957 735 3040 regnis
758 2956 952 3021 caelestibus⁴
965 2960 1050 3038 ortus

309 3057 426 3123 sidereo
448 3059 563 3141 pariter
585 3061 710 3124 nomine
733 3064 838 3125 storo
861 3061 965 3129 mitat.

257 3161 340 3225 huno
361 3180 492 3245 puerum
516 3166 547 3227 et
568 3163 696 3228 fratrem
719 3164 793 3228 seoit
814 3164 866 3248 pia
887 3165 987 3249 gratia
1007 3165 1102 3246 patri3

309 3283 381 3329 nam
404 3266 518 3349 pariter
541 3270 647 3331 saneto
670 3266 796 3334 flumina
819 3272 893 3332 suut
914 3267 1021 3352 geniti.

258 3388 334 3451 quos
357 3360 468 3434 natura
489 3370 587 3454 gradu
610 3370 766 3452 diuiserat,
790 3371 846 3436 hos
869 3371 944 3435 deus
966 3373 1047 3436 almo
1130 3454 1131 3457 Ἴ

176 3481 236 3537 325
311 3492 439 3537 munere
461 3491 627 3556 germanos
649 3474 681 3538 in
704 3492 761 3539 sua
781 3492 879 3558 regna
899 3475 1001 3539 uehet.

232 3576 235 3583 '
260 3595 331 3661 ergo
354 3593 467 3641 nouem
489 3578 592 3641 ounoti
613 3577 697 3642 sooia
718 3596 790 3642 oum
812 3578 895 3662 prole
918 3583 1061 3660 parentes

20 3965 21 3968 Ἴ
200 3892 249 3952 301
263 3897 365 3965 parsD
411 3895 617 3965 30llohrlspoA
663 3897 855 3966 306est]etA
901 3899 949 3953 311
963 3896 1112 3952 artemam
1150 3899 1278 3954 312οωί-

71 4089 73 4094 ,
159 4002 205 4054 net
221 4001 304 4069 Mor„
322 3999 392 4054 enim
411 4003 437 4054 st
454 3993 512 4058 AD
562 4002 613 4057 313
630 4011 678 4071 par
695 4003 778 4070 Mum,
796 4017 843 4070 per
860 4001 897 4069 D,
914 4017 932 4068 p
950 4002 978 4055 A
1030 4003 1079 4058 318
1097 4018 1190 4105 parens
1209 4006 1278 4059 coni.

159 4113 339 4181 Zaolrmea'ster,
357 4113 463 4181 parente
481 4114 539 4169 AD
588 4115 638 4170 319
656 4114 683 4166 et
700 4115 794 4168 omisa
810 4120 878 4183 spot.
897 4131 955 4169 ooo.
974 4115 1000 4168 A
1053 4113 1143 4168 domni
1160 4115 1187 4170 A
1238 4115 1279 4169 lo·

158 4215 241 4284 quilla
258 4217 286 4277 A
338 4218 388 4272 324
405 4215 455 4270 hoo
472 4217 500 4271 A
