<?xml version="1.0" encoding="UTF-8"?>
<!DOCTYPE html PUBLIC "-//W3C//DTD XHTML 1.0 Transitional//EN"
    "http://www.w3.org/TR/xhtml1/DTD/xhtml1-transitional.dtd">
<html xmlns="http://www.w3.org/1999/xhtml" xml:lang="en" lang="en">
 <head>
  <title>
</title>
<meta http-equiv="Content-Type" content="text/html;charset=utf-8" />
  <meta name='ocr-system' content='tesseract 3.04.00' />
  <meta name='ocr-capabilities' content='ocr_page ocr_carea ocr_par ocr_line ocrx_word'/>
</head>
<body>
  <div class='ocr_page' id='page_1' title='image "./sanctipontiimer00paulgoog_0028.png"; bbox 0 0 2918 4664; ppageno 0'>
   <div class='ocr_carea' id='block_1_1' title="bbox 595 322 768 377">
    <p class='ocr_par' dir='ltr' id='par_1_1' title="bbox 595 322 768 377">
     <span class='ocr_line' id='line_1_1' title="bbox 595 322 768 377; baseline 0 0"><span class='ocrx_word' id='word_1_1' title='bbox 595 322 768 377; x_wconf 66' lang='lat' dir='ltr'>Praefatio.</span> 
     </span>
    </p>
   </div>
   <div class='ocr_carea' id='block_1_2' title="bbox 166 496 837 564">
    <p class='ocr_par' dir='ltr' id='par_1_2' title="bbox 166 496 837 564">
     <span class='ocr_line' id='line_1_2' title="bbox 166 496 837 564; baseline -0.001 -3"><span class='ocrx_word' id='word_1_2' title='bbox 166 515 213 562; x_wconf 88' lang='lat' dir='ltr'>us.</span> <span class='ocrx_word' id='word_1_3' title='bbox 228 496 274 560; x_wconf 72' lang='grc' dir='ltr'>ὁδ’</span> <span class='ocrx_word' id='word_1_4' title='bbox 294 496 434 564; x_wconf 73' lang='lat' dir='ltr'>Christus</span> <span class='ocrx_word' id='word_1_5' title='bbox 456 498 531 562; x_wconf 82' lang='lat' dir='ltr'>dene</span> <span class='ocrx_word' id='word_1_6' title='bbox 553 496 645 563; x_wconf 89' lang='lat' dir='ltr'><strong>homo</strong></span> <span class='ocrx_word' id='word_1_7' title='bbox 668 498 767 562; x_wconf 77' lang='lat' dir='ltr'>iactus</span> <span class='ocrx_word' id='word_1_8' title='bbox 790 501 837 561; x_wconf 85' lang='lat' dir='ltr'>est</span> 
     </span>
    </p>
   </div>
   <div class='ocr_carea' id='block_1_3' title="bbox 329 650 1045 842">
    <p class='ocr_par' dir='ltr' id='par_1_3' title="bbox 329 650 1045 842">
     <span class='ocr_line' id='line_1_3' title="bbox 329 650 1045 740; baseline -0.006 -22"><span class='ocrx_word' id='word_1_9' title='bbox 329 662 460 718; x_wconf 69' lang='lat' dir='ltr'>arcena</span> <span class='ocrx_word' id='word_1_10' title='bbox 481 652 615 740; x_wconf 66' lang='lat' dir='ltr'>irrepens</span> <span class='ocrx_word' id='word_1_11' title='bbox 636 652 774 716; x_wconf 70' lang='lat' dir='ltr'>beminen</span> <span class='ocrx_word' id='word_1_12' title='bbox 796 651 881 714; x_wconf 77' lang='lat' dir='ltr'>inter</span> <span class='ocrx_word' id='word_1_13' title='bbox 902 660 931 714; x_wconf 86' lang='lat' dir='ltr'>ct</span> <span class='ocrx_word' id='word_1_14' title='bbox 953 650 1045 714; x_wconf 78' lang='lat' dir='ltr'>deum</span> 
     </span>
     <span class='ocr_line' id='line_1_4' title="bbox 378 755 839 842; baseline -0.007 -22"><span class='ocrx_word' id='word_1_15' title='bbox 378 757 415 820; x_wconf 76' lang='lat' dir='ltr'>in</span> <span class='ocrx_word' id='word_1_16' title='bbox 436 766 569 842; x_wconf 78' lang='lat' dir='ltr'>utreque</span> <span class='ocrx_word' id='word_1_17' title='bbox 590 777 622 820; x_wconf 79' lang='lat' dir='ltr'>rc</span> <span class='ocrx_word' id='word_1_18' title='bbox 645 755 839 820; x_wconf 81' lang='lat' dir='ltr'>commercia.</span> 
     </span>
    </p>
   </div>
   <div class='ocr_carea' id='block_1_4' title="bbox 109 909 1245 1410">
    <p class='ocr_par' dir='ltr' id='par_1_4' title="bbox 109 909 1245 1410">
     <span class='ocr_line' id='line_1_5' title="bbox 109 909 1243 996; baseline -0.004 -19"><span class='ocrx_word' id='word_1_19' title='bbox 109 913 143 992; x_wconf 59' lang='lat'>5·</span> <span class='ocrx_word' id='word_1_20' title='bbox 162 932 187 977; x_wconf 84' lang='lat' dir='ltr'>e.</span> <span class='ocrx_word' id='word_1_21' title='bbox 203 932 258 996; x_wconf 86' lang='lat' dir='ltr'>per</span> <span class='ocrx_word' id='word_1_22' title='bbox 280 931 323 994; x_wconf 86' lang='lat' dir='ltr'>se,</span> <span class='ocrx_word' id='word_1_23' title='bbox 351 913 405 995; x_wconf 92' lang='lat' dir='ltr'>qui</span> <span class='ocrx_word' id='word_1_24' title='bbox 430 915 597 995; x_wconf 85' lang='lat' dir='ltr'>utrumque</span> <span class='ocrx_word' id='word_1_25' title='bbox 623 912 715 977; x_wconf 88' lang='lat' dir='ltr'>horno</span> <span class='ocrx_word' id='word_1_26' title='bbox 742 915 773 976; x_wconf 89' lang='lat' dir='ltr'>et</span> <span class='ocrx_word' id='word_1_27' title='bbox 794 912 868 975; x_wconf 83' lang='lat' dir='ltr'>deus</span> <span class='ocrx_word' id='word_1_28' title='bbox 896 913 973 990; x_wconf 82' lang='lat' dir='ltr'>erat,</span> <span class='ocrx_word' id='word_1_29' title='bbox 998 910 1078 974; x_wconf 88' lang='lat' dir='ltr'>inter</span> <span class='ocrx_word' id='word_1_30' title='bbox 1104 909 1243 973; x_wconf 87' lang='lat' dir='ltr'>homines</span> 
     </span>
     <span class='ocr_line' id='line_1_6' title="bbox 124 1011 1244 1097; baseline -0.004 -17"><span class='ocrx_word' id='word_1_31' title='bbox 124 1018 156 1080; x_wconf 89' lang='lat' dir='ltr'>et</span> <span class='ocrx_word' id='word_1_32' title='bbox 178 1016 271 1081; x_wconf 88' lang='lat' dir='ltr'>deum</span> <span class='ocrx_word' id='word_1_33' title='bbox 292 1019 418 1081; x_wconf 77' lang='lat' dir='ltr'>aeterne</span> <span class='ocrx_word' id='word_1_34' title='bbox 440 1016 625 1081; x_wconf 83' lang='lat' dir='ltr'>commercia</span> <span class='ocrx_word' id='word_1_35' title='bbox 646 1017 753 1080; x_wconf 84' lang='lat' dir='ltr'>iunxit.</span> <span class='ocrx_word' id='word_1_36' title='bbox 791 1015 817 1078; x_wconf 96' lang='lat' dir='ltr'>B</span> <span class='ocrx_word' id='word_1_37' title='bbox 841 1017 872 1079; x_wconf 91' lang='lat' dir='ltr'>et</span> <span class='ocrx_word' id='word_1_38' title='bbox 893 1012 919 1079; x_wconf 93' lang='lat'>0</span> <span class='ocrx_word' id='word_1_39' title='bbox 941 1011 978 1075; x_wconf 78' lang='lat' dir='ltr'>in</span> <span class='ocrx_word' id='word_1_40' title='bbox 998 1021 1167 1097; x_wconf 74' lang='lat' dir='ltr'>utrumque</span> <span class='ocrx_word' id='word_1_41' title='bbox 1193 1031 1244 1076; x_wconf 82' lang='lat' dir='ltr'>ex-</span> 
     </span>
     <span class='ocr_line' id='line_1_7' title="bbox 124 1115 1243 1203; baseline -0.003 -20"><span class='ocrx_word' id='word_1_42' title='bbox 124 1117 244 1201; x_wconf 77' lang='lat' dir='ltr'>hibent,</span> <span class='ocrx_word' id='word_1_43' title='bbox 267 1120 348 1202; x_wconf 89' lang='lat' dir='ltr'>qucd</span> <span class='ocrx_word' id='word_1_44' title='bbox 368 1120 500 1185; x_wconf 79' lang='lat' dir='ltr'>fortasse</span> <span class='ocrx_word' id='word_1_45' title='bbox 519 1137 574 1202; x_wconf 88' lang='lat' dir='ltr'>pro</span> <span class='ocrx_word' id='word_1_46' title='bbox 595 1118 632 1181; x_wconf 78' lang='lat' dir='ltr'>in</span> <span class='ocrx_word' id='word_1_47' title='bbox 651 1127 784 1203; x_wconf 78' lang='lat' dir='ltr'>utroque</span> <span class='ocrx_word' id='word_1_48' title='bbox 805 1121 887 1183; x_wconf 88' lang='lat' dir='ltr'>recte</span> <span class='ocrx_word' id='word_1_49' title='bbox 907 1118 1022 1182; x_wconf 88' lang='lat' dir='ltr'>dictum</span> <span class='ocrx_word' id='word_1_50' title='bbox 1045 1119 1102 1181; x_wconf 86' lang='lat' dir='ltr'>est.</span> <span class='ocrx_word' id='word_1_51' title='bbox 1134 1115 1243 1181; x_wconf 80' lang='lat' dir='ltr'>erroris</span> 
     </span>
     <span class='ocr_line' id='line_1_8' title="bbox 123 1218 1245 1306; baseline -0.007 -19"><span class='ocrx_word' id='word_1_52' title='bbox 123 1223 260 1304; x_wconf 89' lang='lat' dir='ltr'>initium,</span> <span class='ocrx_word' id='word_1_53' title='bbox 287 1224 368 1306; x_wconf 91' lang='lat' dir='ltr'>quod</span> <span class='ocrx_word' id='word_1_54' title='bbox 389 1225 422 1288; x_wconf 92' lang='lat' dir='ltr'>in</span> <span class='ocrx_word' id='word_1_55' title='bbox 444 1222 588 1288; x_wconf 84' lang='lat' dir='ltr'>Vossiuni</span> <span class='ocrx_word' id='word_1_56' title='bbox 612 1224 743 1287; x_wconf 86' lang='lat' dir='ltr'>lectione</span> <span class='ocrx_word' id='word_1_57' title='bbox 769 1230 938 1306; x_wconf 72' lang='lat' dir='ltr'>utrumque</span> <span class='ocrx_word' id='word_1_58' title='bbox 960 1220 1186 1305; x_wconf 81' lang='lat' dir='ltr'><strong>praepositione</strong></span> <span class='ocrx_word' id='word_1_59' title='bbox 1208 1218 1245 1280; x_wconf 77' lang='lat' dir='ltr'>in</span> 
     </span>
     <span class='ocr_line' id='line_1_9' title="bbox 124 1324 1199 1410; baseline -0.002 -20"><span class='ocrx_word' id='word_1_60' title='bbox 124 1326 242 1392; x_wconf 78' lang='lat' dir='ltr'>emisse</span> <span class='ocrx_word' id='word_1_61' title='bbox 264 1327 459 1410; x_wconf 76' lang='lat' dir='ltr'>conspicitur,</span> <span class='ocrx_word' id='word_1_62' title='bbox 482 1327 594 1391; x_wconf 88' lang='lat' dir='ltr'>uitium</span> <span class='ocrx_word' id='word_1_63' title='bbox 616 1327 648 1390; x_wconf 90' lang='lat' dir='ltr'>in</span> <span class='ocrx_word' id='word_1_64' title='bbox 667 1326 753 1391; x_wconf 89' lang='lat' dir='ltr'>HNn</span> <span class='ocrx_word' id='word_1_65' title='bbox 776 1325 861 1388; x_wconf 61' lang='lat' dir='ltr'>inte</span> <span class='ocrx_word' id='word_1_66' title='bbox 881 1334 1051 1409; x_wconf 79' lang='lat' dir='ltr'>utrumque</span> <span class='ocrx_word' id='word_1_67' title='bbox 1072 1324 1199 1408; x_wconf 82' lang='lat' dir='ltr'>peperit.</span> 
     </span>
    </p>
   </div>
   <div class='ocr_carea' id='block_1_5' title="bbox 171 1489 1093 1888">
    <p class='ocr_par' dir='ltr' id='par_1_5' title="bbox 171 1489 1093 1888">
     <span class='ocr_line' id='line_1_10' title="bbox 171 1489 1093 1577; baseline -0.005 -21"><span class='ocrx_word' id='word_1_68' title='bbox 171 1511 217 1557; x_wconf 81' lang='lat' dir='ltr'>ns.</span> <span class='ocrx_word' id='word_1_69' title='bbox 235 1490 278 1555; x_wconf 72' lang='lat'>70</span> <span class='ocrx_word' id='word_1_70' title='bbox 383 1512 465 1577; x_wconf 79' lang='lat' dir='ltr'>puae</span> <span class='ocrx_word' id='word_1_71' title='bbox 488 1490 545 1576; x_wconf 87' lang='lat' dir='ltr'>(sc.</span> <span class='ocrx_word' id='word_1_72' title='bbox 553 1489 651 1577; x_wconf 75' lang='lat' dir='ltr'>fider)</span> <span class='ocrx_word' id='word_1_73' title='bbox 674 1512 754 1576; x_wconf 76' lang='lat' dir='ltr'>puae</span> <span class='ocrx_word' id='word_1_74' title='bbox 776 1489 926 1553; x_wconf 70' lang='lat' dir='ltr'>uidemur</span> <span class='ocrx_word' id='word_1_75' title='bbox 947 1510 1093 1576; x_wconf 75' lang='lat' dir='ltr'>cpcmcrc</span> 
     </span>
     <span class='ocr_line' id='line_1_11' title="bbox 328 1592 1041 1680; baseline -0.006 -21"><span class='ocrx_word' id='word_1_76' title='bbox 328 1616 393 1658; x_wconf 75' lang='lat' dir='ltr'>coc</span> <span class='ocrx_word' id='word_1_77' title='bbox 413 1605 451 1659; x_wconf 81' lang='lat' dir='ltr'>ct</span> <span class='ocrx_word' id='word_1_78' title='bbox 468 1594 631 1680; x_wconf 76' lang='lat' dir='ltr'>profanae</span> <span class='ocrx_word' id='word_1_79' title='bbox 653 1593 753 1658; x_wconf 84' lang='lat' dir='ltr'>abicit</span> <span class='ocrx_word' id='word_1_80' title='bbox 775 1607 834 1658; x_wconf 79' lang='lat' dir='ltr'>act</span> <span class='ocrx_word' id='word_1_81' title='bbox 855 1592 938 1657; x_wconf 72' lang='lat' dir='ltr'>citer</span> <span class='ocrx_word' id='word_1_82' title='bbox 960 1614 1041 1679; x_wconf 75' lang='lat' dir='ltr'>oper,</span> 
     </span>
     <span class='ocr_line' id='line_1_12' title="bbox 380 1698 854 1785; baseline -0.004 -23"><span class='ocrx_word' id='word_1_83' title='bbox 380 1698 435 1763; x_wconf 77' lang='lat' dir='ltr'>ced</span> <span class='ocrx_word' id='word_1_84' title='bbox 455 1708 493 1762; x_wconf 78' lang='lat' dir='ltr'>ct</span> <span class='ocrx_word' id='word_1_85' title='bbox 514 1699 615 1785; x_wconf 78' lang='lat' dir='ltr'>mapir</span> <span class='ocrx_word' id='word_1_86' title='bbox 638 1719 732 1762; x_wconf 78' lang='lat' dir='ltr'>carae</span> <span class='ocrx_word' id='word_1_87' title='bbox 753 1707 854 1762; x_wconf 80' lang='lat' dir='ltr'>mmect</span> 
     </span>
     <span class='ocr_line' id='line_1_13' title="bbox 331 1799 951 1888; baseline 0.002 -23"><span class='ocrx_word' id='word_1_88' title='bbox 331 1802 418 1867; x_wconf 83' lang='lat' dir='ltr'>caclo</span> <span class='ocrx_word' id='word_1_89' title='bbox 439 1801 553 1888; x_wconf 80' lang='lat' dir='ltr'>reponi</span> <span class='ocrx_word' id='word_1_90' title='bbox 575 1801 715 1866; x_wconf 78' lang='lat' dir='ltr'>creditae</span> <span class='ocrx_word' id='word_1_91' title='bbox 736 1799 863 1866; x_wconf 73' lang='lat' dir='ltr'>Christe</span> <span class='ocrx_word' id='word_1_92' title='bbox 886 1801 951 1866; x_wconf 80' lang='lat' dir='ltr'>deo.</span> 
     </span>
    </p>
   </div>
   <div class='ocr_carea' id='block_1_6' title="bbox 126 1965 1247 2343">
    <p class='ocr_par' dir='ltr' id='par_1_6' title="bbox 126 1965 1247 2343">
     <span class='ocr_line' id='line_1_14' title="bbox 126 1965 1246 2050; baseline -0.001 -19"><span class='ocrx_word' id='word_1_93' title='bbox 126 1967 253 2032; x_wconf 87' lang='lat' dir='ltr'>HVWn</span> <span class='ocrx_word' id='word_1_94' title='bbox 284 1967 402 2032; x_wconf 78' lang='lat' dir='ltr'>habent</span> <span class='ocrx_word' id='word_1_95' title='bbox 430 1965 587 2049; x_wconf 77' lang='lat' dir='ltr'>uidemur,</span> <span class='ocrx_word' id='word_1_96' title='bbox 618 1967 698 2050; x_wconf 86' lang='lat' dir='ltr'>qued</span> <span class='ocrx_word' id='word_1_97' title='bbox 727 1985 819 2032; x_wconf 85' lang='lat' dir='ltr'>sensu</span> <span class='ocrx_word' id='word_1_98' title='bbox 850 1970 941 2031; x_wconf 80' lang='lat' dir='ltr'>curet.</span> <span class='ocrx_word' id='word_1_99' title='bbox 987 1965 1137 2029; x_wconf 73' lang='lat' dir='ltr'>uidemur</span> <span class='ocrx_word' id='word_1_100' title='bbox 1165 1966 1246 2047; x_wconf 86' lang='lat' dir='ltr'>quud</span> 
     </span>
     <span class='ocr_line' id='line_1_15' title="bbox 128 2069 1247 2156; baseline 0 -22"><span class='ocrx_word' id='word_1_101' title='bbox 128 2069 211 2136; x_wconf 87' lang='lat' dir='ltr'>BNO</span> <span class='ocrx_word' id='word_1_102' title='bbox 232 2070 394 2154; x_wconf 77' lang='lat' dir='ltr'>praebent,</span> <span class='ocrx_word' id='word_1_103' title='bbox 421 2075 474 2136; x_wconf 80' lang='lat' dir='ltr'>but</span> <span class='ocrx_word' id='word_1_104' title='bbox 495 2089 550 2154; x_wconf 85' lang='lat' dir='ltr'>pre</span> <span class='ocrx_word' id='word_1_105' title='bbox 573 2091 653 2155; x_wconf 77' lang='lat' dir='ltr'>quar</span> <span class='ocrx_word' id='word_1_106' title='bbox 674 2091 730 2133; x_wconf 79' lang='lat' dir='ltr'>bec</span> <span class='ocrx_word' id='word_1_107' title='bbox 751 2069 871 2133; x_wconf 67' lang='lat' dir='ltr'>uidetis</span> <span class='ocrx_word' id='word_1_108' title='bbox 892 2090 1038 2156; x_wconf 73' lang='lat' dir='ltr'>spernere</span> <span class='ocrx_word' id='word_1_109' title='bbox 1060 2070 1175 2134; x_wconf 88' lang='lat' dir='ltr'>dictum</span> <span class='ocrx_word' id='word_1_110' title='bbox 1198 2072 1247 2134; x_wconf 84' lang='lat' dir='ltr'>est</span> 
     </span>
     <span class='ocr_line' id='line_1_16' title="bbox 128 2172 1246 2258; baseline -0.002 -20"><span class='ocrx_word' id='word_1_111' title='bbox 128 2177 184 2238; x_wconf 83' lang='lat' dir='ltr'>aut</span> <span class='ocrx_word' id='word_1_112' title='bbox 205 2193 224 2239; x_wconf 85' lang='lat' dir='ltr'><strong>a</strong></span> <span class='ocrx_word' id='word_1_113' title='bbox 244 2175 380 2258; x_wconf 83' lang='lat' dir='ltr'>genuina</span> <span class='ocrx_word' id='word_1_114' title='bbox 407 2175 559 2258; x_wconf 82' lang='lat' dir='ltr'>scripture</span> <span class='ocrx_word' id='word_1_115' title='bbox 584 2172 757 2237; x_wconf 74' lang='lat' dir='ltr'>suademur</span> <span class='ocrx_word' id='word_1_116' title='bbox 778 2192 840 2237; x_wconf 83' lang='lat' dir='ltr'>une</span> <span class='ocrx_word' id='word_1_117' title='bbox 862 2177 944 2238; x_wconf 88' lang='lat' dir='ltr'>certe</span> <span class='ocrx_word' id='word_1_118' title='bbox 964 2173 1103 2238; x_wconf 80' lang='lat' dir='ltr'>litterula</span> <span class='ocrx_word' id='word_1_119' title='bbox 1123 2174 1246 2255; x_wconf 82' lang='lat' dir='ltr'>propius</span> 
     </span>
     <span class='ocr_line' id='line_1_17' title="bbox 127 2276 224 2343; baseline 0.021 -2"><span class='ocrx_word' id='word_1_120' title='bbox 127 2276 224 2343; x_wconf 79' lang='lat' dir='ltr'>abest.</span> 
     </span>
    </p>
   </div>
   <div class='ocr_carea' id='block_1_7' title="bbox 170 2410 1257 2726">
    <p class='ocr_par' dir='ltr' id='par_1_7' title="bbox 170 2410 1257 2726">
     <span class='ocr_line' id='line_1_18' title="bbox 170 2410 1120 2518; baseline -0.001 -22"><span class='ocrx_word' id='word_1_121' title='bbox 170 2452 216 2498; x_wconf 75' lang='lat' dir='ltr'>us.</span> <span class='ocrx_word' id='word_1_122' title='bbox 234 2431 296 2496; x_wconf 78' lang='lat'>128</span> <span class='ocrx_word' id='word_1_123' title='bbox 805 2410 835 2495; x_wconf 64' lang='grc' dir='ltr'>ιι</span> <span class='ocrx_word' id='word_1_124' title='bbox 857 2430 1007 2518; x_wconf 67' lang='lat' dir='ltr'>displicet</span> <span class='ocrx_word' id='word_1_125' title='bbox 1028 2440 1120 2495; x_wconf 65' lang='lat' dir='ltr'>aeus</span> 
     </span>
     <span class='ocr_line' id='line_1_19' title="bbox 229 2534 1203 2622; baseline -0.002 -22"><span class='ocrx_word' id='word_1_126' title='bbox 229 2557 320 2621; x_wconf 79' lang='lat' dir='ltr'>quem</span> <span class='ocrx_word' id='word_1_127' title='bbox 340 2558 412 2621; x_wconf 76' lang='lat' dir='ltr'>pero</span> <span class='ocrx_word' id='word_1_128' title='bbox 435 2545 543 2622; x_wconf 68' lang='lat' dir='ltr'>apem</span> <span class='ocrx_word' id='word_1_129' title='bbox 564 2535 631 2620; x_wconf 81' lang='lat' dir='ltr'>deo,</span> <span class='ocrx_word' id='word_1_130' title='bbox 650 2536 749 2622; x_wconf 71' lang='lat' dir='ltr'>prius</span> <span class='ocrx_word' id='word_1_131' title='bbox 771 2545 824 2616; x_wconf 78' lang='lat' dir='ltr'>cet,</span> <span class='ocrx_word' id='word_1_132' title='bbox 846 2535 877 2598; x_wconf 80' lang='lat' dir='ltr'>ri</span> <span class='ocrx_word' id='word_1_133' title='bbox 891 2534 963 2622; x_wconf 80' lang='lat' dir='ltr'>fae,</span> <span class='ocrx_word' id='word_1_134' title='bbox 985 2557 1059 2599; x_wconf 78' lang='lat' dir='ltr'>reue</span> <span class='ocrx_word' id='word_1_135' title='bbox 1081 2544 1203 2617; x_wconf 77' lang='lat' dir='ltr'>auctor,</span> 
     </span>
     <span class='ocr_line' id='line_1_20' title="bbox 230 2640 1257 2726; baseline 0 -24"><span class='ocrx_word' id='word_1_136' title='bbox 230 2640 285 2702; x_wconf 75' lang='lat' dir='ltr'>ccci</span> <span class='ocrx_word' id='word_1_137' title='bbox 302 2640 412 2726; x_wconf 80' lang='lat' dir='ltr'>placet</span> <span class='ocrx_word' id='word_1_138' title='bbox 434 2649 493 2703; x_wconf 80' lang='lat' dir='ltr'>aut</span> <span class='ocrx_word' id='word_1_139' title='bbox 507 2640 657 2726; x_wconf 68' lang='lat' dir='ltr'>serenare</span> <span class='ocrx_word' id='word_1_140' title='bbox 678 2661 759 2703; x_wconf 79' lang='lat' dir='ltr'>mcor</span> <span class='ocrx_word' id='word_1_141' title='bbox 781 2649 1122 2704; x_wconf 61' lang='lat' dir='ltr'>accurrentem.</span> <span class='ocrx_word' id='word_1_142' title='bbox 1256 2709 1257 2712; x_wconf 8' lang='grc' dir='ltr'><strong>Ἴ</strong></span> 
     </span>
    </p>
   </div>
   <div class='ocr_carea' id='block_1_8' title="bbox 129 2804 1247 2993">
    <p class='ocr_par' dir='ltr' id='par_1_8' title="bbox 129 2804 1247 2993">
     <span class='ocr_line' id='line_1_21' title="bbox 129 2804 1247 2899; baseline 0 -30"><span class='ocrx_word' id='word_1_143' title='bbox 129 2806 172 2870; x_wconf 85' lang='lat' dir='ltr'>sie</span> <span class='ocrx_word' id='word_1_144' title='bbox 193 2806 310 2899; x_wconf 86' lang='lat' dir='ltr'>optime</span> <span class='ocrx_word' id='word_1_145' title='bbox 332 2805 359 2869; x_wconf 90' lang='lat' dir='ltr'>B</span> <span class='ocrx_word' id='word_1_146' title='bbox 382 2809 413 2870; x_wconf 84' lang='lat' dir='ltr'>et</span> <span class='ocrx_word' id='word_1_147' title='bbox 435 2805 460 2870; x_wconf 90' lang='grc' dir='ltr'><strong>Ο</strong></span> <span class='ocrx_word' id='word_1_148' title='bbox 483 2804 513 2868; x_wconf 79' lang='lat' dir='ltr'>ri</span> <span class='ocrx_word' id='word_1_149' title='bbox 528 2804 599 2890; x_wconf 82' lang='lat' dir='ltr'>far,</span> <span class='ocrx_word' id='word_1_150' title='bbox 622 2820 681 2889; x_wconf 88' lang='lat' dir='ltr'>qno</span> <span class='ocrx_word' id='word_1_151' title='bbox 704 2806 832 2871; x_wconf 78' lang='lat' dir='ltr'>audacie</span> <span class='ocrx_word' id='word_1_152' title='bbox 853 2809 962 2889; x_wconf 86' lang='lat' dir='ltr'>poetae</span> <span class='ocrx_word' id='word_1_153' title='bbox 985 2807 1077 2869; x_wconf 89' lang='lat' dir='ltr'>deum</span> <span class='ocrx_word' id='word_1_154' title='bbox 1100 2823 1247 2891; x_wconf 56' lang='lat' dir='ltr'>accusanf</span> 
     </span>
     <span class='ocr_line' id='line_1_22' title="bbox 129 2906 1096 2993; baseline -0.001 -21"><span class='ocrx_word' id='word_1_155' title='bbox 129 2907 168 2973; x_wconf 82' lang='lat' dir='ltr'>tin</span> <span class='ocrx_word' id='word_1_156' title='bbox 190 2909 359 2993; x_wconf 82' lang='lat' dir='ltr'>mitigatur,</span> <span class='ocrx_word' id='word_1_157' title='bbox 382 2912 489 2974; x_wconf 80' lang='lat' dir='ltr'>contre</span> <span class='ocrx_word' id='word_1_158' title='bbox 510 2910 591 2974; x_wconf 82' lang='lat' dir='ltr'>mele</span> <span class='ocrx_word' id='word_1_159' title='bbox 613 2909 703 2974; x_wconf 85' lang='lat' dir='ltr'>VHN</span> <span class='ocrx_word' id='word_1_160' title='bbox 716 2906 791 2992; x_wconf 80' lang='lat' dir='ltr'>flat,</span> <span class='ocrx_word' id='word_1_161' title='bbox 813 2929 834 2973; x_wconf 93' lang='lat' dir='ltr'>n</span> <span class='ocrx_word' id='word_1_162' title='bbox 856 2918 894 2972; x_wconf 81' lang='lat' dir='ltr'>ut</span> <span class='ocrx_word' id='word_1_163' title='bbox 907 2906 981 2991; x_wconf 77' lang='lat' dir='ltr'>fiat.</span> <span class='ocrx_word' id='word_1_164' title='bbox 1095 2969 1096 2972; x_wconf 73' lang='grc'>,</span> 
     </span>
    </p>
   </div>
   <div class='ocr_carea' id='block_1_9' title="bbox 130 3072 1248 3261">
    <p class='ocr_par' dir='ltr' id='par_1_9' title="bbox 130 3072 1248 3261">
     <span class='ocr_line' id='line_1_23' title="bbox 170 3072 1248 3155; baseline -0.002 -17"><span class='ocrx_word' id='word_1_165' title='bbox 170 3093 217 3139; x_wconf 83' lang='lat' dir='ltr'>ns.</span> <span class='ocrx_word' id='word_1_166' title='bbox 235 3072 296 3138; x_wconf 77' lang='lat'>135</span> <span class='ocrx_word' id='word_1_167' title='bbox 314 3075 464 3140; x_wconf 78' lang='lat' dir='ltr'>Paulinus</span> <span class='ocrx_word' id='word_1_168' title='bbox 486 3093 569 3140; x_wconf 85' lang='lat' dir='ltr'>nunc</span> <span class='ocrx_word' id='word_1_169' title='bbox 592 3093 624 3138; x_wconf 84' lang='lat' dir='ltr'>se</span> <span class='ocrx_word' id='word_1_170' title='bbox 648 3093 715 3139; x_wconf 86' lang='lat' dir='ltr'>esse</span> <span class='ocrx_word' id='word_1_171' title='bbox 736 3074 891 3138; x_wconf 84' lang='lat' dir='ltr'>diuersum</span> <span class='ocrx_word' id='word_1_172' title='bbox 914 3075 953 3138; x_wconf 86' lang='lat' dir='ltr'>ab</span> <span class='ocrx_word' id='word_1_173' title='bbox 976 3074 1029 3139; x_wconf 89' lang='lat' dir='ltr'>ille</span> <span class='ocrx_word' id='word_1_174' title='bbox 1048 3074 1172 3154; x_wconf 79' lang='lat' dir='ltr'>fatetur,</span> <span class='ocrx_word' id='word_1_175' title='bbox 1195 3076 1248 3155; x_wconf 90' lang='lat' dir='ltr'>qni</span> 
     </span>
     <span class='ocr_line' id='line_1_24' title="bbox 130 3177 1080 3261; baseline 0.002 -20"><span class='ocrx_word' id='word_1_176' title='bbox 130 3195 165 3241; x_wconf 86' lang='lat' dir='ltr'>ee</span> <span class='ocrx_word' id='word_1_177' title='bbox 187 3183 326 3261; x_wconf 84' lang='lat' dir='ltr'>tempore</span> <span class='ocrx_word' id='word_1_178' title='bbox 348 3179 442 3243; x_wconf 80' lang='lat' dir='ltr'>fuerit</span> <span class='ocrx_word' id='word_1_179' title='bbox 464 3195 524 3260; x_wconf 87' lang='lat' dir='ltr'>que</span> <span class='ocrx_word' id='word_1_180' title='bbox 546 3196 607 3243; x_wconf 89' lang='lat' dir='ltr'>nen</span> <span class='ocrx_word' id='word_1_181' title='bbox 629 3196 793 3260; x_wconf 85' lang='lat' dir='ltr'>peruersus</span> <span class='ocrx_word' id='word_1_182' title='bbox 816 3177 980 3243; x_wconf 67' lang='lat' dir='ltr'>habebetur</span> <span class='ocrx_word' id='word_1_183' title='bbox 1079 3240 1080 3243; x_wconf 74' lang='grc'>,</span> 
     </span>
    </p>
   </div>
   <div class='ocr_carea' id='block_1_10' title="bbox 185 3339 1085 3427">
    <p class='ocr_par' dir='ltr' id='par_1_10' title="bbox 185 3339 1085 3427">
     <span class='ocr_line' id='line_1_25' title="bbox 185 3339 1085 3427; baseline 0.006 -28"><span class='ocrx_word' id='word_1_184' title='bbox 185 3392 188 3398; x_wconf 97' lang='grc'>.</span> <span class='ocrx_word' id='word_1_185' title='bbox 280 3341 381 3404; x_wconf 73' lang='lat' dir='ltr'>stulta</span> <span class='ocrx_word' id='word_1_186' title='bbox 403 3341 459 3405; x_wconf 83' lang='lat' dir='ltr'>dcc</span> <span class='ocrx_word' id='word_1_187' title='bbox 481 3341 609 3427; x_wconf 72' lang='lat' dir='ltr'>rapiens</span> <span class='ocrx_word' id='word_1_188' title='bbox 632 3351 660 3405; x_wconf 86' lang='lat' dir='ltr'>ct</span> <span class='ocrx_word' id='word_1_189' title='bbox 682 3341 793 3405; x_wconf 73' lang='lat' dir='ltr'>mortis</span> <span class='ocrx_word' id='word_1_190' title='bbox 811 3339 940 3427; x_wconf 75' lang='lat' dir='ltr'>pabula</span> <span class='ocrx_word' id='word_1_191' title='bbox 961 3341 1085 3404; x_wconf 77' lang='lat' dir='ltr'>ciuem.</span> 
     </span>
    </p>
   </div>
   <div class='ocr_carea' id='block_1_11' title="bbox 124 3504 1248 3798">
    <p class='ocr_par' dir='ltr' id='par_1_11' title="bbox 124 3504 1248 3798">
     <span class='ocr_line' id='line_1_26' title="bbox 132 3504 1248 3592; baseline 0 -23"><span class='ocrx_word' id='word_1_192' title='bbox 132 3506 278 3570; x_wconf 78' lang='lat' dir='ltr'>usitatam</span> <span class='ocrx_word' id='word_1_193' title='bbox 299 3507 464 3571; x_wconf 85' lang='lat' dir='ltr'>dictionem</span> <span class='ocrx_word' id='word_1_194' title='bbox 484 3505 585 3569; x_wconf 78' lang='lat' dir='ltr'>rtclta</span> <span class='ocrx_word' id='word_1_195' title='bbox 604 3506 667 3569; x_wconf 81' lang='lat' dir='ltr'>deo</span> <span class='ocrx_word' id='word_1_196' title='bbox 687 3506 825 3592; x_wconf 73' lang='lat' dir='ltr'>capione,</span> <span class='ocrx_word' id='word_1_197' title='bbox 846 3525 939 3588; x_wconf 82' lang='lat' dir='ltr'>qnam</span> <span class='ocrx_word' id='word_1_198' title='bbox 958 3508 985 3570; x_wconf 91' lang='lat' dir='ltr'>B</span> <span class='ocrx_word' id='word_1_199' title='bbox 1001 3509 1032 3569; x_wconf 90' lang='lat' dir='ltr'>et</span> <span class='ocrx_word' id='word_1_200' title='bbox 1047 3504 1073 3571; x_wconf 94' lang='lat'>0</span> <span class='ocrx_word' id='word_1_201' title='bbox 1088 3505 1248 3589; x_wconf 82' lang='lat' dir='ltr'>praebent,</span> 
     </span>
     <span class='ocr_line' id='line_1_27' title="bbox 129 3607 1248 3695; baseline -0.001 -23"><span class='ocrx_word' id='word_1_202' title='bbox 129 3609 160 3672; x_wconf 88' lang='lat' dir='ltr'>H</span> <span class='ocrx_word' id='word_1_203' title='bbox 182 3612 214 3673; x_wconf 88' lang='lat' dir='ltr'>et</span> <span class='ocrx_word' id='word_1_204' title='bbox 235 3608 264 3673; x_wconf 91' lang='lat' dir='ltr'>N</span> <span class='ocrx_word' id='word_1_205' title='bbox 290 3609 323 3674; x_wconf 91' lang='lat' dir='ltr'>in</span> <span class='ocrx_word' id='word_1_206' title='bbox 349 3608 450 3673; x_wconf 73' lang='lat' dir='ltr'>stulta</span> <span class='ocrx_word' id='word_1_207' title='bbox 475 3609 513 3672; x_wconf 79' lang='lat' dir='ltr'>di</span> <span class='ocrx_word' id='word_1_208' title='bbox 538 3609 676 3695; x_wconf 72' lang='lat' dir='ltr'>rapiente,</span> <span class='ocrx_word' id='word_1_209' title='bbox 707 3611 735 3675; x_wconf 88' lang='lat' dir='ltr'><strong>V</strong></span> <span class='ocrx_word' id='word_1_210' title='bbox 756 3612 843 3694; x_wconf 82' lang='lat' dir='ltr'>peius</span> <span class='ocrx_word' id='word_1_211' title='bbox 870 3611 962 3674; x_wconf 81' lang='lat' dir='ltr'>etiam</span> <span class='ocrx_word' id='word_1_212' title='bbox 989 3610 1020 3674; x_wconf 92' lang='lat' dir='ltr'>in</span> <span class='ocrx_word' id='word_1_213' title='bbox 1047 3608 1147 3672; x_wconf 74' lang='lat' dir='ltr'>stulta</span> <span class='ocrx_word' id='word_1_214' title='bbox 1169 3607 1248 3672; x_wconf 78' lang='lat' dir='ltr'>dcci·</span> 
     </span>
     <span class='ocr_line' id='line_1_28' title="bbox 124 3711 383 3798; baseline 0.008 -23"><span class='ocrx_word' id='word_1_215' title='bbox 124 3711 220 3798; x_wconf 78' lang='lat' dir='ltr'>piem</span> <span class='ocrx_word' id='word_1_216' title='bbox 241 3713 383 3778; x_wconf 77' lang='lat' dir='ltr'>mutauit.</span> 
     </span>
    </p>
   </div>
   <div class='ocr_carea' id='block_1_12' title="bbox 174 3866 1248 4057">
    <p class='ocr_par' dir='ltr' id='par_1_12' title="bbox 174 3866 1248 4057">
     <span class='ocr_line' id='line_1_29' title="bbox 174 3866 1248 3954; baseline -0.002 -22"><span class='ocrx_word' id='word_1_217' title='bbox 174 3887 221 3932; x_wconf 81' lang='lat' dir='ltr'>us,</span> <span class='ocrx_word' id='word_1_218' title='bbox 236 3866 297 3931; x_wconf 80' lang='lat'>156</span> <span class='ocrx_word' id='word_1_219' title='bbox 311 3889 374 3931; x_wconf 79' lang='lat' dir='ltr'>bon</span> <span class='ocrx_word' id='word_1_220' title='bbox 390 3867 502 3930; x_wconf 76' lang='lat' dir='ltr'>etenim</span> <span class='ocrx_word' id='word_1_221' title='bbox 515 3868 597 3931; x_wconf 75' lang='lat' dir='ltr'>mibi</span> <span class='ocrx_word' id='word_1_222' title='bbox 610 3889 708 3931; x_wconf 78' lang='lat' dir='ltr'>mccc</span> <span class='ocrx_word' id='word_1_223' title='bbox 722 3868 865 3931; x_wconf 71' lang='lat' dir='ltr'>demens</span> <span class='ocrx_word' id='word_1_224' title='bbox 879 3889 977 3952; x_wconf 75' lang='lat' dir='ltr'>neque</span> <span class='ocrx_word' id='word_1_225' title='bbox 987 3867 1248 3954; x_wconf 78' lang='lat' dir='ltr'>participantum</span> 
     </span>
     <span class='ocr_line' id='line_1_30' title="bbox 310 3970 702 4057; baseline 0.005 -24"><span class='ocrx_word' id='word_1_226' title='bbox 310 3971 383 4034; x_wconf 81' lang='lat' dir='ltr'>cita</span> <span class='ocrx_word' id='word_1_227' title='bbox 398 3970 510 4057; x_wconf 79' lang='lat' dir='ltr'>fcpaae</span> <span class='ocrx_word' id='word_1_228' title='bbox 531 3971 702 4036; x_wconf 79' lang='lat' dir='ltr'>bom-inum.</span> 
     </span>
    </p>
   </div>
   <div class='ocr_carea' id='block_1_13' title="bbox 131 4125 1249 4481">
    <p class='ocr_par' dir='ltr' id='par_1_13' title="bbox 131 4125 1249 4481">
     <span class='ocr_line' id='line_1_31' title="bbox 131 4125 1249 4209; baseline 0.003 -21"><span class='ocrx_word' id='word_1_229' title='bbox 131 4126 175 4189; x_wconf 84' lang='lat' dir='ltr'>sic</span> <span class='ocrx_word' id='word_1_230' title='bbox 194 4125 247 4190; x_wconf 91' lang='grc' dir='ltr'>ΒΟ</span> <span class='ocrx_word' id='word_1_231' title='bbox 267 4127 396 4209; x_wconf 79' lang='lat' dir='ltr'>optime3</span> <span class='ocrx_word' id='word_1_232' title='bbox 426 4128 529 4190; x_wconf 81' lang='lat' dir='ltr'>lusum</span> <span class='ocrx_word' id='word_1_233' title='bbox 552 4128 718 4192; x_wconf 83' lang='lat' dir='ltr'>uerborum</span> <span class='ocrx_word' id='word_1_234' title='bbox 741 4131 771 4191; x_wconf 88' lang='lat' dir='ltr'>et</span> <span class='ocrx_word' id='word_1_235' title='bbox 793 4129 926 4191; x_wconf 88' lang='lat' dir='ltr'>metrum</span> <span class='ocrx_word' id='word_1_236' title='bbox 942 4127 1027 4192; x_wconf 92' lang='lat' dir='ltr'>VHn</span> <span class='ocrx_word' id='word_1_237' title='bbox 1048 4131 1249 4209; x_wconf 88' lang='lat' dir='ltr'>corruperunt</span> 
     </span>
     <span class='ocr_line' id='line_1_32' title="bbox 131 4228 1246 4313; baseline 0.003 -23"><span class='ocrx_word' id='word_1_238' title='bbox 131 4249 216 4313; x_wconf 77' lang='lat' dir='ltr'>capa</span> <span class='ocrx_word' id='word_1_239' title='bbox 238 4247 292 4312; x_wconf 88' lang='lat' dir='ltr'>pro</span> <span class='ocrx_word' id='word_1_240' title='bbox 314 4228 437 4292; x_wconf 72' lang='lat' dir='ltr'>demens</span> <span class='ocrx_word' id='word_1_241' title='bbox 459 4230 639 4311; x_wconf 76' lang='lat' dir='ltr'>scribenteS,</span> <span class='ocrx_word' id='word_1_242' title='bbox 664 4231 712 4295; x_wconf 90' lang='lat' dir='ltr'>cui</span> <span class='ocrx_word' id='word_1_243' title='bbox 734 4230 763 4295; x_wconf 90' lang='lat' dir='ltr'>N</span> <span class='ocrx_word' id='word_1_244' title='bbox 787 4234 818 4295; x_wconf 86' lang='lat' dir='ltr'>et</span> <span class='ocrx_word' id='word_1_245' title='bbox 840 4231 868 4294; x_wconf 91' lang='lat' dir='ltr'><strong>V</strong></span> <span class='ocrx_word' id='word_1_246' title='bbox 891 4250 930 4295; x_wconf 89' lang='lat' dir='ltr'>m.</span> <span class='ocrx_word' id='word_1_247' title='bbox 948 4230 967 4293; x_wconf 87' lang='lat'><strong>3</strong></span> <span class='ocrx_word' id='word_1_248' title='bbox 990 4239 1035 4292; x_wconf 81' lang='lat' dir='ltr'>ert</span> <span class='ocrx_word' id='word_1_249' title='bbox 1056 4231 1246 4295; x_wconf 82' lang='lat' dir='ltr'>addiderunt.</span> 
     </span>
     <span class='ocr_line' id='line_1_33' title="bbox 466 4335 1088 4481; baseline 0.003 -97"><span class='ocrx_word' id='word_1_250' title='bbox 466 4415 506 4481; x_wconf 57' lang='lat' dir='ltr'>ff</span> <span class='ocrx_word' id='word_1_251' title='bbox 1064 4335 1088 4386; x_wconf 81' lang='lat' dir='ltr'>b</span> 
     </span>
    </p>
   </div>
   <div class='ocr_carea' id='block_1_14' title="bbox 0 0 1477 4664">
    <p class='ocr_par' dir='ltr' id='par_1_14' title="bbox 0 0 1477 4664">
     <span class='ocr_line' id='line_1_34' title="bbox 0 0 1477 4664; baseline 0 0"><span class='ocrx_word' id='word_1_252' title='bbox 0 0 1477 4664; x_wconf 95' lang='lat' dir='ltr'> </span> 
     </span>
    </p>
   </div>
  </div>
 </body>
</html>
