2918 4664
140 245 216 310 ‘142
482 263 507 318 S.
520 239 653 318 Paulini
670 263 788 318 Nolani
805 264 950 335 episcopi

254 439 357 501 mente
380 437 494 502 etenim
515 440 615 502 totum
637 438 819 519 conciderat,
842 438 900 504 hoo
921 443 1026 505 temen
1047 459 1145 506 unum

253 542 379 605 numine
402 544 550 622 seruarat,
573 558 632 624 quo
655 559 728 613 crux
749 542 869 608 inclusa
891 543 1018 610 uetabat

253 642 423 737 quamlibet
445 645 592 710 audacem
614 647 702 730 segni
723 646 837 712 uirtute
858 647 1020 713 latronem.

171 755 232 812 090
254 749 320 832 ipse
341 748 496 814 fatebatur
518 749 631 814 mentis
653 750 755 814 'scelus
778 754 870 833 atque
893 753 991 840 crucis
1013 753 1078 817 uim

253 855 441 934 contestans,
464 853 666 936 quotiensque
688 871 799 919 manus
821 859 974 920 armasset
995 858 1027 921 iu
1049 857 1134 921 illam

253 955 286 1020 in
308 943 396 1021 cruce
418 959 593 1023 consertam
616 956 698 1022 socia
720 975 858 1041 conpage
880 976 1035 1041 coronam,

253 1077 309 1123 ceu
331 1061 444 1124 fractm
468 1061 580 1125 totiens
601 1061 665 1125 ictu
687 1062 832 1126 cecidisse
854 1080 978 1128 recusso

254 1163 439 1246 brachiaque
461 1181 555 1248 aegra
576 1164 635 1230 sibi
657 1166 759 1230 neruis
783 1167 937 1249 stupuisse
960 1168 1079 1242 solutis.

171 1274 230 1330 095
295 1268 345 1332 hie
367 1268 444 1334 libet
464 1268 497 1332 in
518 1269 667 1333 miserum
689 1271 794 1352 paucis
816 1270 976 1355 insurgere
998 1271 1113 1336 furem:

253 1370 368 1452 infelix,
390 1389 470 1454 quae
492 1375 579 1436 tanta
601 1377 687 1437 tuam
710 1372 867 1439 dementia
889 1377 1026 1439 mentem

253 1477 399 1556 uenerat,
422 1478 457 1540 ut
477 1478 563 1540 tauto
584 1476 789 1559 reprehensus
810 1477 929 1543 lumine
951 1479 1018 1543 ueri

254 1597 315 1643 non
337 1579 499 1644 festinares
521 1597 646 1644 omnem
667 1584 861 1665 praeuertere
883 1598 975 1646 cursu

253 1682 397 1767 indagem
418 1684 571 1765 reuelans,
594 1687 629 1748 ut
650 1684 768 1749 furtum
790 1688 899 1769 sponte
920 1686 1072 1764 referres?

173 1794 232 1850 700
255 1789 382 1851 tantane
404 1788 454 1853 uis
476 1788 615 1852 animum
636 1787 773 1864 tenebris
795 1789 949 1873 oppressit
970 1806 1107 1872 auarum,

254 1890 382 1956 auderes
403 1891 489 1956 illam
511 1894 547 1956 ut
567 1892 685 1978 grando
708 1891 766 1956 tibi
788 1893 916 1957 condere
938 1897 1069 1976 partem,

254 2013 348 2078 quam
369 1996 482 2061 totiens
504 1999 629 2061 arcente
651 1995 707 2061 deo
729 1997 845 2062 uiolare
866 1997 1020 2062 timebas?

254 2098 303 2164 dic
324 2099 410 2181 mihi,
433 2117 494 2181 qua
514 2118 610 2185 pauor
632 2100 684 2165 ille
706 2104 777 2166 tuus
799 2100 938 2184 fugiebat
960 2105 991 2166 et
1012 2101 1093 2166 uude

253 2222 370 2285 rursus,
392 2207 427 2268 ut
448 2203 636 2289 intrepidum
658 2221 804 2288 praeceps
826 2204 954 2269 audacia
976 2224 1102 2270 sensum

173 2315 231 2371 705
254 2309 321 2371 tam
342 2307 424 2372 mals
447 2307 588 2389 durabat,
611 2308 741 2392 pauidus
764 2311 957 2391 contemptor
979 2312 1010 2374 et
1031 2309 1115 2374 idem

254 2410 392 2501 eiusdem
414 2412 539 2477 sceleris
562 2412 697 2496 speeiem
720 2412 859 2477 diuersus
882 2412 989 2478 abibas

253 2514 459 2600 perfidiaeque
480 2514 573 2580 fidem
596 2515 695 2586 diuiso
716 2519 839 2600 pectore
860 2516 1016 2594 miscens?

254 2620 403 2685 uirtutem
424 2620 523 2685 crucis
546 2623 577 2684 et
598 2620 724 2704 signum
744 2619 922 2685 inuiolabile
945 2619 1059 2686 Christi

254 2723 399 2788 credebas
422 2724 588 2789 metuendo
609 2723 692 2789 idem
714 2723 891 2808 contingere
913 2724 993 2789 ferro

174 2835 233 2891 710
256 2830 286 2892 et
307 2827 389 2909 quod
410 2826 559 2894 noscebas
581 2830 723 2893 metuens
745 2827 893 2911 portando
915 2826 1073 2912 negabas?

256 2930 310 2996 aed
331 2933 438 2996 tamen
459 2931 591 3015 inpietas
613 2934 668 2996 tua
689 2949 751 2997 nec
768 2931 826 2996 tibi
848 2931 972 3015 produit,
995 2935 1027 2997 et
1049 2948 1115 3013 nos,

255 3034 420 3099 stultitiam
442 3035 581 3100 confesse
603 3038 690 3100 tuam
712 3035 878 3116 diuinaque
901 3036 999 3119 sigua,

255 3138 355 3205 fecisti
377 3156 489 3222 magno
512 3138 609 3204 crucis
632 3139 768 3204 exultare
790 3137 956 3222 triumpho.
992 3201 995 3205 ,

255 3259 327 3327 ergo
348 3243 558 3325 relinquamus
581 3245 706 3334 captum
728 3242 792 3308 iam
813 3244 967 3307 incessere
988 3242 1097 3323 furem,

175 3354 233 3410 715
256 3346 306 3412 oui
328 3347 403 3412 satis
426 3348 464 3412 ad
486 3365 617 3431 poenum
640 3349 688 3411 est
709 3345 858 3431 spoliatae
879 3346 996 3412 dandis
1019 3349 1150 3431 egestas.

296 3469 378 3515 nunc
400 3451 439 3515 ad
460 3455 502 3532 te,
524 3448 700 3515 ueneranda
721 3448 770 3515 dei
791 3468 874 3531 crux,
896 3452 983 3514 uerto
1005 3450 1153 3533 loquellas

197 3676 247 3734 687
264 3677 352 3730 totum
370 3676 406 3745 E,
423 3693 473 3732 om.
485 3676 550 3744 AD,
567 3673 672 3743 placida
688 3675 756 3731 scat.
775 3674 849 3730 Mor.
902 3672 1051 3727 conciderat
1066 3673 1172 3743 ammai,
1188 3671 1272 3726 cousi·

155 3761 230 3817 derat
246 3763 340 3832 ADE,
358 3760 510 3817 consederat
526 3763 595 3819 octat.
613 3761 687 3817 Mor.
757 3762 807 3817 609
824 3759 894 3829 signi
911 3760 941 3815 D
1008 3761 1056 3831 691
1075 3760 1104 3813 in
1121 3760 1208 3827 Mser.,·
1220 3776 1272 3815 om.

155 3850 219 3920 AD,
235 3851 267 3903 ut
284 3850 315 3905 E
363 3851 413 3906 692
431 3847 501 3903 socia
519 3850 554 3918 E,
572 3847 669 3902 sociam
686 3848 744 3902 AD
801 3848 851 3903 603
868 3845 966 3901 fractas
984 3847 1069 3915 Mar,
1086 3845 1171 3900 fracta
1187 3845 1275 3901 ADE

154 3935 208 3990 icta
220 3938 282 3992 ‘AD
349 3938 400 3993 094
417 3935 589 4004 bracchiaque
606 3935 633 3990 A
697 3936 748 3990 700
765 3933 851 3988 auaris
869 3935 943 3990 Mur.
1005 3936 1052 3990 701
1072 3931 1228 3988 contendere
1244 3934 1273 3987 A

155 4025 206 4079 700
227 4022 339 4093 speciem
361 4024 425 4093 AD,
447 4022 531 4092 specie
553 4023 584 4077 E
649 4023 698 4078 709
720 4019 792 4074 idern
812 4021 917 4091 ammai,
939 4019 1019 4074 fidem
1036 4020 1100 4089 AD,
1123 4034 1227 4073 crucem
1245 4019 1276 4074 E

156 4108 318 4179 confringere
336 4111 409 4165 Mur.
462 4098 508 4165 711
528 4109 629 4179 profuit
645 4125 696 4166 om.
715 4109 787 4163 Mor.
841 4109 892 4162 714
909 4109 1001 4176 captus
1020 4108 1046 4162 A
1097 4106 1225 4160 incessere
1243 4106 1274 4162 D

155 4197 238 4267 Mur,
256 4212 354 4252 cessere
371 4197 429 4252 AD
477 4199 528 4252 715
546 4197 665 4264 egestam
682 4196 710 4250 A
