2918 4664
217 310 266 369 ss
692 306 867 367 Pnssfflo

261 508 307 553 us.
326 486 386 550 199
883 484 948 547 siat
969 483 1072 548 oculta
1095 484 1243 567 locorum,

319 591 423 654 malta
444 590 606 653 bominum
627 589 745 653 stadiis
767 588 903 671 inculto,
926 589 1070 674 capenae
1094 589 1204 674 imm,

322 716 402 780 quac
424 694 510 782 oeoio
533 693 651 779 corculi
673 692 763 757 cultu
786 691 892 756 coreo?
929 702 987 755 out
1009 692 1088 777 qaid
1109 692 1149 755 io
1170 693 1260 755 ictio

321 797 501 885 inprobitas
524 796 633 861 oliano
655 795 763 860 aocet?

220 939 280 985 non
303 921 340 983 ‹le
362 920 498 1003 inprobis
517 919 694 984 hominibus
715 920 747 983 in
770 920 947 983 uniuersum
971 920 1081 1002 agitur,
1105 920 1158 983 sed
1181 919 1218 982 de
1237 919 1336 982 homi-

221 1044 297 1089 uum
319 1025 451 1105 feritate,
478 1042 572 1106 quam
594 1025 627 1088 in
649 1023 826 1108 regionibus
848 1013 919 1103 illis,
946 1023 999 1086 ubi
1021 1024 1169 1087 Paulinus
1192 1026 1336 1113 moretur,

218 1146 347 1212 regnare
373 1128 530 1193 Ausonius
558 1130 661 1210 putam
699 1127 798 1209 aplius
828 1128 920 1210 igitur
950 1125 990 1188 io
1019 1125 1109 1188 istie
1138 1126 1270 1206 uidetur,
1301 1130 1336 1191 ul

219 1230 299 1295 B0n
322 1229 471 1311 scribunt,
494 1249 587 1312 quam
610 1229 755 1312 omousia,
778 1247 856 1312 quae
879 1230 1016 1295 codicum
1032 1229 1060 1293 V
1075 1229 1149 1295 elN
1168 1232 1214 1294 est
1235 1229 1335 1293 lectio.

264 1380 310 1423 us,
327 1358 391 1422 234
417 1358 496 1443 qaid
522 1380 680 1421 numenoio
707 1357 845 1444 corcaiae
871 1358 966 1421 terris
994 1368 1022 1422 et
1047 1355 1208 1420 moenibus
1234 1355 1336 1439 urbes,

419 1484 483 1547 qao
504 1462 662 1548 uomicam
677 1460 768 1548 folia
788 1461 955 1547 Hispania
977 1461 1077 1525 tendit
1099 1462 1135 1524 in
1156 1482 1283 1546 aequm,

417 1587 481 1650 qao
499 1565 613 1629 Baba·
632 1564 791 1629 Oceanum
809 1565 1064 1651 Tyrrhenamque
1085 1576 1178 1653 auoet
1196 1563 1336 1628 Hibero?

223 1698 254 1760 iu
274 1696 323 1760 his
346 1695 447 1760 uerbis
471 1697 582 1760 uilium
603 1693 679 1757 catis
701 1696 842 1759 omnibus
862 1696 948 1760 libris
968 1714 1131 1760 commuue
1153 1696 1285 1760 alterum
1304 1694 1337 1758 in

222 1801 304 1863 VNn
331 1801 449 1882 peperit
474 1797 611 1862 biberas.
649 1817 720 1862 cuin
747 1799 773 1864 Ο
801 1803 832 1863 et
856 1800 882 1862 B
910 1796 1016 1861 bibero
1043 1798 1215 1878 exhibeant,
1241 1795 1338 1860 Baeti

222 1904 393 1986 quantitate
417 1902 553 1985 syllabae
575 1898 683 1985 prioris
706 1907 830 1967 seruata
851 1902 1046 1967 scribendum
1070 1921 1136 1967 esse
1159 1904 1294 1986 apparet.

264 2025 350 2088 Haec
380 2022 535 2088 sufficiant
560 2024 599 2087 ad
626 2023 851 2088 decernendum
877 2024 1081 2108 principatum
1111 2026 1191 2088 inter
1220 2023 1337 2087 codices

223 2124 304 2190 Oet
325 2125 356 2188 V
372 2144 538 2208 eorumque
564 2127 708 2191 familias.
746 2127 784 2191 de
811 2127 912 2191 codice
933 2127 1073 2192 Parisino
1100 2128 1192 2210 igitur
1214 2128 1245 2190 iu
1273 2144 1338 2190 car-

224 2228 358 2294 minibus
377 2230 573 2294 recensendis
592 2230 673 2294 idem
689 2231 769 2312 quod
788 2231 820 2295 in
840 2230 979 2314 epistulis
999 2231 1092 2311 ualet,
1110 2234 1235 2313 propter
1254 2249 1338 2294 sum-

224 2352 307 2398 mam
329 2334 538 2416 integritatem
565 2334 731 2417 scripturas
758 2334 823 2398 eius
849 2334 915 2398 sine
942 2352 1035 2398 causa
1056 2352 1117 2399 non
1145 2353 1212 2398 essa
1234 2334 1338 2416 neglc-

223 2437 348 2519 geudas.
376 2438 491 2501 maiore
511 2437 652 2501 cautione
671 2438 702 2501 in
722 2436 877 2502 codicibus
893 2436 962 2502 Vel
979 2436 1019 2499 N
1033 2456 1108 2521 opus
1129 2443 1185 2518 est,
1208 2455 1336 2520 quorum

130 2594 137 2610 ,
224 2538 262 2600 Ν
278 2541 425 2620 medium,
448 2544 483 2604 ub
505 2540 649 2621 uidimus,
672 2539 799 2605 iniero
821 2545 852 2605 et
873 2539 1002 2606 Vbenet
1023 2542 1134 2622 locum,
1158 2542 1231 2605 ulum
1253 2539 1291 2602 H
1308 2545 1338 2604 et

224 2665 246 2704 a
268 2644 555 2726 interpolationem
578 2645 621 2708 eis
643 2644 741 2728 magis
763 2648 924 2728 grassante
947 2645 980 2708 in
1001 2645 1089 2728 peius
1111 2648 1253 2728 uergunb.
1285 2644 1337 2708 sed

225 2764 323 2829 pauca
345 2750 419 2811 sunt
440 2747 585 2827 carmina,
613 2765 691 2829 quae
712 2750 842 2829 utraque
864 2748 1001 2812 codicum
1024 2748 1185 2813 traduntur
1206 2748 1337 2821 familia

224 2851 255 2913 in
277 2848 417 2932 pluribus
440 2850 565 2914 alterius
587 2851 684 2915 utrius
707 2851 961 2915 testimoniares
984 2852 1102 2935 agenda
1124 2854 1184 2925 θεῖς
1207 2851 1239 2914 in
1262 2867 1338 2915 non-

225 2953 318 3016 nullis
345 2953 397 3017 alii
423 2954 541 3018 codices
568 2973 668 3036 neque
694 2953 716 3017 ii
743 2954 836 3018 ullius
862 2955 954 3037 pretii
975 2956 1133 3035 accedunt,
1162 2954 1241 3036 quod
1263 2955 1338 3018 hacc

224 3054 331 3119 tabula
352 3056 497 3120 ostendit:

225 3193 349 3238 carmen
395 3175 423 3240 1.
459 3174 481 3238 2
513 3175 636 3240 exhibet
667 3175 698 3240 V

276 3329 292 3362 „
390 3277 479 3342 ab
559 3328 575 3363 „
667 3278 743 3343 VN

278 3431 294 3464 „
457 3379 478 3444 6
558 3431 574 3464 ,,
703 3381 743 3444 N

183 3539 190 3545 ..
275 3530 292 3565 ‚‚
389 3481 477 3547 7.9
557 3534 573 3569 ‚‚
829 3486 896 3552 Onu

275 3634 291 3667 „
457 3586 476 3650 8
557 3635 572 3670 „
830 3589 856 3652 0

278 3735 293 3770 ‚,
368 3688 472 3753 10.11
555 3741 570 3774 ‚,
665 3690 856 3755 VNHaO
912 3693 942 3756 B

434 3793 472 3856 17
613 3819 614 3823 ’
668 3795 698 3857 V
831 3794 1031 3861 OaBGR

430 3894 472 3958 22
703 3898 742 3961 N
830 3898 856 3961 O
912 3901 943 3963 B
1084 3901 1338 3966 FLMPUcz

431 3999 472 4062 24
829 4001 855 4064 O
911 4005 942 4068 B

429 4103 468 4165 31
552 4151 566 4184 „
828 4106 854 4169 O
908 4108 939 4171 B

277 4150 292 4182 s
1048 4110 1078 4172 T

276 4253 293 4288 „
431 4205 471 4270 aa
703 4209 742 4271 uu
