2918 4664
156 274 220 339 352
381 291 567 347 carminum
585 291 755 345 S,Psuliui
772 290 890 344 Nolani
907 291 1048 358 episcopi

411 487 467 542 qua
482 473 560 542 petet
574 485 688 526 secessu
703 469 748 526 uei
763 469 832 542 pede
847 467 893 526 uel
907 468 1015 542 pelago.

360 556 491 628 quicquid
506 556 537 613 in
552 572 651 613 occasu
666 556 805 628 zephyrus
818 555 906 624 uidet,
920 572 1006 613 eurus
1020 555 1052 612 in
1066 557 1140 622 ortu,

411 646 508 700 austro
523 642 549 700 si
563 658 620 715 que
632 642 742 715 tepent,
756 641 853 714 sique
866 641 997 715 aquilone
1011 642 1115 714 rigent,

284 735 317 783 65
360 732 430 787 suut
444 728 533 787 oculis
547 728 675 787 subiecit
686 726 756 796 tuis,
772 727 838 785 lieet
851 728 958 787 arbiter
971 729 1048 787 ausit

410 817 439 874 et
454 815 546 873 scelus
559 814 713 874 admissum
728 831 783 871 nox
797 813 853 872 sibi
867 812 924 872 fidu
936 818 1025 888 teget,

359 902 452 960 antris
466 901 622 969 claudetur,
637 903 781 974 mergatur
794 899 919 972 flumine,
934 902 1040 959 montis

410 990 530 1062 desuper
543 987 656 1045 inmissi
669 987 841 1060 ponderibus
855 987 952 1058 neat,

358 1075 470 1135 ueletur
484 1075 571 1132 denso
584 1076 722 1132 tectorum
736 1073 872 1143 culmine;
888 1074 966 1134 solus

284 1167 317 1214 70
408 1163 510 1219 testem
525 1160 629 1218 uitabit
642 1159 691 1232 qui
705 1160 778 1217 mele
791 1177 850 1218 nou
864 1159 958 1219 faciet.

358 1247 463 1321 Lyncei
476 1245 568 1304 fertur
582 1245 673 1305 felicis
687 1246 815 1304 acumine
829 1247 910 1304 uisus

409 1335 536 1392 intentos
550 1333 644 1406 paries
658 1350 717 1391 non
730 1333 859 1391 tenuisse
873 1333 977 1391 oculos.

360 1420 470 1480 nisibus
484 1419 617 1477 humenis
630 1415 696 1497 (hoc
710 1416 750 1494 si)
764 1419 877 1477 licuisse
891 1423 1018 1492 putatur,

409 1507 538 1581 ignotum
553 1506 701 1579 quiequam
716 1505 854 1563 credimus
869 1523 932 1564 esse
946 1506 1009 1576 tibi,

286 1600 319 1648 '15
362 1593 411 1666 qui
426 1610 502 1650 mere
516 1592 564 1665 qui
579 1591 686 1650 eaelum
701 1595 847 1664 terresque
862 1597 892 1650 et
905 1593 1037 1666 quicquid
1052 1593 1082 1649 in
1097 1592 1142 1649 his
1158 1594 1202 1649 est

410 1679 541 1739 omnibus
554 1678 687 1737 immistis
701 1682 780 1736 extra
794 1679 840 1737 uel
853 1680 931 1736 intra
945 1679 1040 1753 regis?

360 1783 412 1824 nec
426 1766 526 1834 miron
541 1765 653 1839 proprio
662 1769 771 1838 ‘parent
785 1765 925 1824 elementa
937 1766 1049 1839 parenti

410 1854 439 1910 et
453 1853 603 1926 penetratu
617 1867 668 1909 suo
682 1853 786 1909 cuncta
798 1855 901 1924 putent
914 1853 1034 1909 domino.

360 1938 386 1996 si
401 1939 551 2012 quisquam
564 1936 627 1995 sine
642 1953 673 1995 se
687 1937 793 2010 poterit
805 1955 930 2010 peccare,
946 1938 1059 2006 letebit3

283 2031 318 2080 80
411 2042 477 2082 nem
493 2025 517 2083 si
532 2023 667 2097 peccauit,
682 2023 767 2082 testis
782 2025 862 2083 adest
876 2025 998 2083 animus.

360 2128 426 2185 ergo
440 2127 491 2186 ego
506 2128 568 2170 sum
582 2109 681 2183 primis
696 2126 806 2184 semper
820 2110 944 2169 lasciuus
959 2114 994 2170 ab
1009 2111 1105 2181 mnis,

410 2197 491 2256 cuius
505 2214 584 2256 emor
597 2195 684 2254 licitis
698 2196 811 2254 miscuit
825 2196 934 2269 illicita,

359 2285 459 2354 audax,
475 2283 615 2358 periurus,
631 2282 786 2353 simulator,
801 2283 1002 2353 dissimulator,

410 2371 539 2441 ambitor,
553 2369 661 2438 uerius,
676 2369 802 2441 inuidus,
817 2369 972 2443 inpatiens,

284 2463 317 2512 85
360 2457 491 2528 crudelis,
505 2455 626 2515 rationis
641 2467 738 2529 egens,
753 2455 888 2525 furiosus,
903 2473 1018 2526 auarus,

409 2543 541 2618 profusor
554 2541 671 2616 proprii,
686 2541 751 2614 pius
766 2542 860 2600 uliena
875 2545 985 2616 petens.

359 2633 388 2689 et
403 2630 535 2704 quiequid
550 2629 686 2688 scelerum
701 2627 815 2687 molitur
828 2628 938 2702 perficit
953 2629 1037 2687 sudet

409 2716 548 2790 pollutum
562 2732 673 2788 corpus,
688 2731 768 2773 mens
782 2731 841 2784 ree,
856 2714 956 2788 lingue
969 2715 1080 2788 loquer,

358 2805 449 2862 totum
463 2802 575 2876 placeto
589 2800 719 2874 quamuis
734 2803 786 2860 sub
801 2800 892 2860 iudice
906 2800 974 2871 ieei;

283 2895 317 2943 90
411 2905 470 2947 non
484 2889 569 2947 hebei
583 2888 614 2945 iu
628 2889 710 2945 tanto
724 2887 841 2947 crimine
855 2904 947 2960 poene
961 2887 1059 2946 iocum.

359 2976 408 3033 sed
422 2974 475 3033 tibi
490 2974 562 3046 leus,
577 2974 640 3044 tibi,
655 2976 752 3032 sancte
767 2976 857 3046 peter,
872 2974 935 3032 leus
949 2976 1074 3048 tempore
1090 2973 1121 3030 in
1137 2974 1223 3045 omni,

409 3060 458 3135 qui
472 3064 553 3134 petes
568 3060 706 3120 addictam
720 3058 865 3118 uiuiflcsre
880 3060 1017 3129 unimem3

358 3164 471 3220 pereere
487 3146 631 3218 subiectis,
646 3146 772 3205 tenebris
787 3145 936 3205 infundere
951 3146 1046 3205 lumen

410 3235 439 3292 et
453 3233 546 3293 brutis
561 3234 676 3292 sanctos
691 3235 724 3292 de
740 3232 863 3306 scopulis
878 3231 979 3291 iecere.

284 3326 317 3375 95
360 3319 479 3379 emedio
494 3320 593 3379 mortis
607 3318 740 3379 uisiorum
754 3319 867 3393 gurgite
882 3336 991 3378 mersus

409 3405 512 3479 eripior
527 3405 634 3465 sanctis
648 3405 813 3480 purificatus
828 3406 910 3478 equis

360 3493 389 3549 et
403 3492 482 3551 modo
497 3492 546 3567 qui
560 3492 650 3550 merui
663 3492 800 3550 tortorum
814 3492 930 3550 uincule
943 3491 1078 3560 flammeo,

408 3579 481 3638 idem
495 3596 554 3639 non
568 3579 641 3637 idem
655 3577 712 3636 iam
726 3577 808 3651 quusi
821 3577 892 3637 liber
906 3595 969 3652 ego.

358 3664 424 3736 quid
438 3665 579 3738 loquimur
595 3665 705 3736 ,fiber‘s
720 3663 836 3722 frenant
850 3665 924 3722 hunc
938 3664 1057 3723 crimina
1072 3681 1183 3732 uocem3

269 3757 316 3805 100
411 3769 511 3810 seruus
526 3750 634 3825 poccuii
648 3753 713 3824 poso
727 3750 844 3809 nenium.
854 3753 960 3810 teneor.

362 3854 427 3895 nem
442 3841 525 3897 uetus
539 3840 569 3896 et
584 3837 675 3896 studio
690 3834 837 3912 pugnandi
852 3837 1006 3911 promptior
1020 3837 1111 3895 hostis

197 4043 230 4097 63
247 4041 366 4111 zephirus
385 4042 411 4096 Τ
470 4043 502 4097 67
521 4043 686 4112 meguturT
746 4044 777 4098 il
796 4041 875 4094 liucei
894 4043 920 4095 Τ
977 4043 1011 4095 73
1027 4041 1078 4093 hoc
1096 4041 1117 4093 si
1135 4042 1197 4095 add.
1211 4042 1273 4095 Mei

154 4130 188 4183 76
204 4128 338 4182 immistus
353 4130 417 4198 sort.
470 4130 503 4183 78
520 4130 613 4197 patent
628 4129 698 4197 Mei,
714 4129 846 4197 peronii*
894 4129 925 4184 81
944 4128 1037 4196 primis
1048 4129 1119 4195 Mei,
1136 4128 1237 4195 primus
1251 4128 1277 4180 Τ

154 4216 188 4271 86
204 4215 236 4283 pi
254 4217 284 4282 Τ,
301 4215 378 4284 pluru
395 4216 462 4270 coni.
476 4215 538 4269 Mai
590 4217 623 4271 89
641 4214 797 4282 quunuisT
1009 4218 1012 4224 '
