<?xml version="1.0" encoding="UTF-8"?>
<!DOCTYPE html PUBLIC "-//W3C//DTD XHTML 1.0 Transitional//EN"
    "http://www.w3.org/TR/xhtml1/DTD/xhtml1-transitional.dtd">
<html xmlns="http://www.w3.org/1999/xhtml" xml:lang="en" lang="en">
 <head>
  <title>
</title>
<meta http-equiv="Content-Type" content="text/html;charset=utf-8" />
  <meta name='ocr-system' content='tesseract 3.04.00' />
  <meta name='ocr-capabilities' content='ocr_page ocr_carea ocr_par ocr_line ocrx_word'/>
</head>
<body>
  <div class='ocr_page' id='page_1' title='image "./sanctipontiimer00paulgoog_0283.png"; bbox 0 0 2918 4664; ppageno 0'>
   <div class='ocr_carea' id='block_1_1' title="bbox 479 336 945 406">
    <p class='ocr_par' dir='ltr' id='par_1_1' title="bbox 479 336 945 406">
     <span class='ocr_line' id='line_1_1' title="bbox 479 336 945 406; baseline -0.004 -15"><span class='ocrx_word' id='word_1_1' title='bbox 479 338 504 391; x_wconf 87' lang='lat' dir='ltr'><strong>S.</strong></span> <span class='ocrx_word' id='word_1_2' title='bbox 518 337 649 391; x_wconf 83' lang='lat' dir='ltr'>Paulini</span> <span class='ocrx_word' id='word_1_3' title='bbox 667 336 786 391; x_wconf 89' lang='lat' dir='ltr'><strong>Nolani</strong></span> <span class='ocrx_word' id='word_1_4' title='bbox 803 337 945 406; x_wconf 76' lang='lat' dir='ltr'><strong>episcopi</strong></span> 
     </span>
    </p>
   </div>
   <div class='ocr_carea' id='block_1_2' title="bbox 306 512 1145 1012">
    <p class='ocr_par' dir='ltr' id='par_1_2' title="bbox 306 512 1145 1012">
     <span class='ocr_line' id='line_1_2' title="bbox 406 512 1145 595; baseline -0.007 -16"><span class='ocrx_word' id='word_1_5' title='bbox 406 515 450 580; x_wconf 88' lang='lat' dir='ltr'><strong>sic</strong></span> <span class='ocrx_word' id='word_1_6' title='bbox 472 515 529 578; x_wconf 87' lang='lat' dir='ltr'><strong>istc</strong></span> <span class='ocrx_word' id='word_1_7' title='bbox 552 512 692 578; x_wconf 77' lang='lat' dir='ltr'><strong>forsitam</strong></span> <span class='ocrx_word' id='word_1_8' title='bbox 714 513 748 577; x_wconf 93' lang='lat' dir='ltr'><strong>iu</strong></span> <span class='ocrx_word' id='word_1_9' title='bbox 770 530 889 576; x_wconf 86' lang='lat' dir='ltr'><strong>sacram</strong></span> <span class='ocrx_word' id='word_1_10' title='bbox 911 513 999 595; x_wconf 87' lang='lat' dir='ltr'><strong>panis</strong></span> <span class='ocrx_word' id='word_1_11' title='bbox 1022 512 1145 575; x_wconf 89' lang='lat' dir='ltr'><strong>domum</strong></span> 
     </span>
     <span class='ocr_line' id='line_1_3' title="bbox 456 616 811 696; baseline -0.008 -14"><span class='ocrx_word' id='word_1_12' title='bbox 456 637 510 683; x_wconf 89' lang='lat' dir='ltr'><strong>uos</strong></span> <span class='ocrx_word' id='word_1_13' title='bbox 534 618 698 682; x_wconf 79' lang='lat' dir='ltr'><strong>antecessit</strong></span> <span class='ocrx_word' id='word_1_14' title='bbox 719 616 811 696; x_wconf 87' lang='lat' dir='ltr'><strong>filius,</strong></span> 
     </span>
     <span class='ocr_line' id='line_1_4' title="bbox 405 721 1068 804; baseline -0.005 -18"><span class='ocrx_word' id='word_1_15' title='bbox 405 727 440 786; x_wconf 91' lang='lat' dir='ltr'><strong>ut</strong></span> <span class='ocrx_word' id='word_1_16' title='bbox 462 727 494 786; x_wconf 92' lang='lat' dir='ltr'><strong>et</strong></span> <span class='ocrx_word' id='word_1_17' title='bbox 515 725 659 804; x_wconf 86' lang='lat' dir='ltr'><strong>parentes</strong></span> <span class='ocrx_word' id='word_1_18' title='bbox 681 723 789 803; x_wconf 86' lang='lat' dir='ltr'><strong>paseat</strong></span> <span class='ocrx_word' id='word_1_19' title='bbox 812 725 842 784; x_wconf 90' lang='lat' dir='ltr'><strong>et</strong></span> <span class='ocrx_word' id='word_1_20' title='bbox 864 721 973 785; x_wconf 85' lang='lat' dir='ltr'><strong>fratres</strong></span> <span class='ocrx_word' id='word_1_21' title='bbox 997 738 1068 783; x_wconf 83' lang='lat' dir='ltr'><strong>suos</strong></span> 
     </span>
     <span class='ocr_line' id='line_1_5' title="bbox 306 825 847 905; baseline -0.006 -15"><span class='ocrx_word' id='word_1_22' title='bbox 306 836 364 890; x_wconf 91' lang='grc'><strong>710</strong></span> <span class='ocrx_word' id='word_1_23' title='bbox 459 827 490 890; x_wconf 91' lang='lat' dir='ltr'><strong>in</strong></span> <span class='ocrx_word' id='word_1_24' title='bbox 513 825 602 890; x_wconf 88' lang='lat' dir='ltr'><strong>istius</strong></span> <span class='ocrx_word' id='word_1_25' title='bbox 626 825 732 888; x_wconf 87' lang='lat' dir='ltr'><strong>mundi</strong></span> <span class='ocrx_word' id='word_1_26' title='bbox 754 825 847 905; x_wconf 87' lang='lat' dir='ltr'><strong>fame,</strong></span> 
     </span>
     <span class='ocr_line' id='line_1_6' title="bbox 405 928 1088 1012; baseline -0.004 -17"><span class='ocrx_word' id='word_1_27' title='bbox 405 931 459 995; x_wconf 89' lang='lat' dir='ltr'><strong>ubi</strong></span> <span class='ocrx_word' id='word_1_28' title='bbox 482 934 564 994; x_wconf 87' lang='lat' dir='ltr'><strong>terra</strong></span> <span class='ocrx_word' id='word_1_29' title='bbox 586 930 713 993; x_wconf 88' lang='lat' dir='ltr'><strong>tribulos</strong></span> <span class='ocrx_word' id='word_1_30' title='bbox 737 946 842 1012; x_wconf 85' lang='lat' dir='ltr'><strong>parere</strong></span> <span class='ocrx_word' id='word_1_31' title='bbox 866 928 953 994; x_wconf 88' lang='lat' dir='ltr'><strong>uobis</strong></span> <span class='ocrx_word' id='word_1_32' title='bbox 975 928 1088 1012; x_wconf 86' lang='lat' dir='ltr'><strong>largior</strong></span> 
     </span>
    </p>
   </div>
   <div class='ocr_carea' id='block_1_3' title="bbox 305 1033 1201 3609">
    <p class='ocr_par' dir='ltr' id='par_1_3' title="bbox 305 1033 1201 3609">
     <span class='ocr_line' id='line_1_7' title="bbox 457 1033 869 1118; baseline -0.005 -20"><span class='ocrx_word' id='word_1_33' title='bbox 457 1038 526 1118; x_wconf 81' lang='lat' dir='ltr'><strong>eget</strong></span> <span class='ocrx_word' id='word_1_34' title='bbox 549 1033 698 1097; x_wconf 87' lang='lat' dir='ltr'><strong>bonorum</strong></span> <span class='ocrx_word' id='word_1_35' title='bbox 719 1033 869 1116; x_wconf 76' lang='lat' dir='ltr'><strong>frugibus,</strong></span> 
     </span>
     <span class='ocr_line' id='line_1_8' title="bbox 407 1137 1039 1221; baseline -0.005 -18"><span class='ocrx_word' id='word_1_36' title='bbox 407 1144 437 1203; x_wconf 90' lang='lat' dir='ltr'><strong>et</strong></span> <span class='ocrx_word' id='word_1_37' title='bbox 458 1138 508 1203; x_wconf 91' lang='lat' dir='ltr'><strong>hie</strong></span> <span class='ocrx_word' id='word_1_38' title='bbox 532 1138 660 1221; x_wconf 87' lang='lat' dir='ltr'><strong>spadoni</strong></span> <span class='ocrx_word' id='word_1_39' title='bbox 682 1137 824 1202; x_wconf 88' lang='lat' dir='ltr'><strong>uenditus</strong></span> <span class='ocrx_word' id='word_1_40' title='bbox 847 1137 907 1202; x_wconf 88' lang='lat' dir='ltr'><strong>diei</strong></span> <span class='ocrx_word' id='word_1_41' title='bbox 928 1140 1039 1219; x_wconf 85' lang='lat' dir='ltr'><strong>potest,</strong></span> 
     </span>
     <span class='ocr_line' id='line_1_9' title="bbox 457 1241 914 1324; baseline -0.004 -19"><span class='ocrx_word' id='word_1_42' title='bbox 457 1245 528 1324; x_wconf 91' lang='lat' dir='ltr'><strong>quia</strong></span> <span class='ocrx_word' id='word_1_43' title='bbox 550 1241 701 1305; x_wconf 87' lang='lat' dir='ltr'><strong>castitatis</strong></span> <span class='ocrx_word' id='word_1_44' title='bbox 724 1259 831 1304; x_wconf 90' lang='lat' dir='ltr'><strong>seruus</strong></span> <span class='ocrx_word' id='word_1_45' title='bbox 858 1244 914 1321; x_wconf 85' lang='lat' dir='ltr'><strong>est,</strong></span> 
     </span>
     <span class='ocr_line' id='line_1_10' title="bbox 306 1344 1201 1428; baseline -0.002 -19"><span class='ocrx_word' id='word_1_46' title='bbox 306 1355 365 1409; x_wconf 79' lang='grc'><strong>715</strong></span> <span class='ocrx_word' id='word_1_47' title='bbox 410 1346 514 1428; x_wconf 88' lang='lat' dir='ltr'><strong>etqui</strong></span> <span class='ocrx_word' id='word_1_48' title='bbox 537 1347 568 1409; x_wconf 92' lang='lat' dir='ltr'><strong>in</strong></span> <span class='ocrx_word' id='word_1_49' title='bbox 591 1344 697 1409; x_wconf 87' lang='lat' dir='ltr'><strong>Seueri</strong></span> <span class='ocrx_word' id='word_1_50' title='bbox 719 1345 767 1408; x_wconf 88' lang='lat' dir='ltr'><strong>ius</strong></span> <span class='ocrx_word' id='word_1_51' title='bbox 791 1362 979 1426; x_wconf 82' lang='lat' dir='ltr'><strong>manumque</strong></span> <span class='ocrx_word' id='word_1_52' title='bbox 1002 1349 1049 1409; x_wconf 89' lang='lat' dir='ltr'><strong>cst</strong></span> <span class='ocrx_word' id='word_1_53' title='bbox 1071 1345 1201 1408; x_wconf 89' lang='lat' dir='ltr'><strong>traditus</strong></span> 
     </span>
     <span class='ocr_line' id='line_1_11' title="bbox 458 1448 897 1532; baseline -0.002 -19"><span class='ocrx_word' id='word_1_54' title='bbox 458 1449 602 1531; x_wconf 89' lang='lat' dir='ltr'><strong>spadonis</strong></span> <span class='ocrx_word' id='word_1_55' title='bbox 625 1448 663 1513; x_wconf 90' lang='lat' dir='ltr'><strong>ob</strong></span> <span class='ocrx_word' id='word_1_56' title='bbox 686 1467 817 1532; x_wconf 85' lang='lat' dir='ltr'><strong>reguum</strong></span> <span class='ocrx_word' id='word_1_57' title='bbox 840 1449 897 1528; x_wconf 86' lang='lat' dir='ltr'><strong>dei,</strong></span> 
     </span>
     <span class='ocr_line' id='line_1_12' title="bbox 408 1551 998 1635; baseline -0.002 -19"><span class='ocrx_word' id='word_1_58' title='bbox 408 1571 467 1635; x_wconf 90' lang='lat' dir='ltr'><strong>quo</strong></span> <span class='ocrx_word' id='word_1_59' title='bbox 490 1553 647 1617; x_wconf 88' lang='lat' dir='ltr'><strong>nutriente</strong></span> <span class='ocrx_word' id='word_1_60' title='bbox 669 1552 829 1616; x_wconf 86' lang='lat' dir='ltr'><strong>roboratus</strong></span> <span class='ocrx_word' id='word_1_61' title='bbox 853 1553 885 1615; x_wconf 92' lang='lat' dir='ltr'><strong>in</strong></span> <span class='ocrx_word' id='word_1_62' title='bbox 906 1551 998 1615; x_wconf 85' lang='lat' dir='ltr'><strong>tidem</strong></span> 
     </span>
     <span class='ocr_line' id='line_1_13' title="bbox 458 1658 888 1736; baseline -0.007 -15"><span class='ocrx_word' id='word_1_63' title='bbox 458 1661 488 1721; x_wconf 90' lang='lat' dir='ltr'><strong>et</strong></span> <span class='ocrx_word' id='word_1_64' title='bbox 510 1658 685 1721; x_wconf 81' lang='lat' dir='ltr'><strong>castitatem</strong></span> <span class='ocrx_word' id='word_1_65' title='bbox 709 1658 888 1736; x_wconf 84' lang='lat' dir='ltr'><strong>masculam,</strong></span> 
     </span>
     <span class='ocr_line' id='line_1_14' title="bbox 407 1761 1031 1842; baseline -0.005 -17"><span class='ocrx_word' id='word_1_66' title='bbox 407 1761 580 1825; x_wconf 88' lang='lat' dir='ltr'><strong>inretientis</strong></span> <span class='ocrx_word' id='word_1_67' title='bbox 604 1761 719 1824; x_wconf 88' lang='lat' dir='ltr'><strong>saeculi</strong></span> <span class='ocrx_word' id='word_1_68' title='bbox 741 1778 886 1842; x_wconf 84' lang='lat' dir='ltr'><strong>pompam</strong></span> <span class='ocrx_word' id='word_1_69' title='bbox 909 1761 1031 1824; x_wconf 81' lang='lat' dir='ltr'><strong>inlicem</strong></span> 
     </span>
     <span class='ocr_line' id='line_1_15' title="bbox 305 1865 887 1947; baseline 0 -21"><span class='ocrx_word' id='word_1_70' title='bbox 305 1874 365 1928; x_wconf 79' lang='grc'><strong>720</strong></span> <span class='ocrx_word' id='word_1_71' title='bbox 459 1868 493 1928; x_wconf 93' lang='lat' dir='ltr'><strong>ut</strong></span> <span class='ocrx_word' id='word_1_72' title='bbox 515 1865 715 1947; x_wconf 87' lang='lat' dir='ltr'><strong>inpudentem</strong></span> <span class='ocrx_word' id='word_1_73' title='bbox 737 1865 887 1927; x_wconf 86' lang='lat' dir='ltr'><strong>feminam</strong></span> 
     </span>
     <span class='ocr_line' id='line_1_16' title="bbox 408 1968 951 2050; baseline -0.002 -18"><span class='ocrx_word' id='word_1_74' title='bbox 408 1973 492 2033; x_wconf 90' lang='lat' dir='ltr'><strong>casto</strong></span> <span class='ocrx_word' id='word_1_75' title='bbox 515 1969 663 2050; x_wconf 85' lang='lat' dir='ltr'><strong>superbus</strong></span> <span class='ocrx_word' id='word_1_76' title='bbox 686 1971 810 2050; x_wconf 88' lang='lat' dir='ltr'><strong>respuet</strong></span> <span class='ocrx_word' id='word_1_77' title='bbox 831 1968 951 2032; x_wconf 89' lang='lat' dir='ltr'><strong>fastidio</strong></span> 
     </span>
     <span class='ocr_line' id='line_1_17' title="bbox 459 2071 827 2155; baseline -0.005 -19"><span class='ocrx_word' id='word_1_78' title='bbox 459 2072 598 2154; x_wconf 89' lang='lat' dir='ltr'><strong>nudaque</strong></span> <span class='ocrx_word' id='word_1_79' title='bbox 621 2071 732 2135; x_wconf 87' lang='lat' dir='ltr'><strong>uitabit</strong></span> <span class='ocrx_word' id='word_1_80' title='bbox 752 2072 827 2155; x_wconf 84' lang='lat' dir='ltr'><strong>fuga</strong></span> 
     </span>
     <span class='ocr_line' id='line_1_18' title="bbox 409 2175 941 2258; baseline -0.002 -18"><span class='ocrx_word' id='word_1_81' title='bbox 409 2180 440 2241; x_wconf 90' lang='lat' dir='ltr'><strong>et</strong></span> <span class='ocrx_word' id='word_1_82' title='bbox 463 2179 635 2240; x_wconf 86' lang='lat' dir='ltr'><strong>auteuertet</strong></span> <span class='ocrx_word' id='word_1_83' title='bbox 656 2176 774 2258; x_wconf 84' lang='lat' dir='ltr'><strong>gaudiis</strong></span> <span class='ocrx_word' id='word_1_84' title='bbox 797 2175 941 2240; x_wconf 89' lang='lat' dir='ltr'><strong>letalibus</strong></span> 
     </span>
     <span class='ocr_line' id='line_1_19' title="bbox 460 2281 842 2363; baseline -0.003 -19"><span class='ocrx_word' id='word_1_85' title='bbox 460 2297 582 2363; x_wconf 85' lang='lat' dir='ltr'><strong>poenas</strong></span> <span class='ocrx_word' id='word_1_86' title='bbox 597 2281 747 2344; x_wconf 85' lang='lat' dir='ltr'><strong>salutares</strong></span> <span class='ocrx_word' id='word_1_87' title='bbox 769 2281 842 2362; x_wconf 87' lang='lat' dir='ltr'><strong>pati.</strong></span> 
     </span>
     <span class='ocr_line' id='line_1_20' title="bbox 305 2384 1139 2466; baseline 0.001 -19"><span class='ocrx_word' id='word_1_88' title='bbox 305 2395 364 2448; x_wconf 80' lang='lat'><strong>725</strong></span> <span class='ocrx_word' id='word_1_89' title='bbox 408 2389 443 2449; x_wconf 92' lang='lat' dir='ltr'><strong>ut</strong></span> <span class='ocrx_word' id='word_1_90' title='bbox 465 2385 516 2448; x_wconf 88' lang='lat' dir='ltr'><strong>illc</strong></span> <span class='ocrx_word' id='word_1_91' title='bbox 540 2384 704 2466; x_wconf 86' lang='lat' dir='ltr'><strong>quondam,</strong></span> <span class='ocrx_word' id='word_1_92' title='bbox 728 2384 771 2448; x_wconf 89' lang='lat' dir='ltr'><strong>sic</strong></span> <span class='ocrx_word' id='word_1_93' title='bbox 794 2385 883 2448; x_wconf 89' lang='lat' dir='ltr'><strong>modo</strong></span> <span class='ocrx_word' id='word_1_94' title='bbox 906 2385 965 2448; x_wconf 85' lang='lat' dir='ltr'><strong>iste</strong></span> <span class='ocrx_word' id='word_1_95' title='bbox 988 2403 1139 2448; x_wconf 85' lang='lat' dir='ltr'><strong>carcerem</strong></span> 
     </span>
     <span class='ocr_line' id='line_1_21' title="bbox 458 2489 839 2571; baseline -0.003 -19"><span class='ocrx_word' id='word_1_96' title='bbox 458 2506 512 2571; x_wconf 89' lang='lat' dir='ltr'><strong>pro</strong></span> <span class='ocrx_word' id='word_1_97' title='bbox 535 2489 675 2552; x_wconf 72' lang='lat' dir='ltr'><strong>casttate</strong></span> <span class='ocrx_word' id='word_1_98' title='bbox 696 2489 839 2570; x_wconf 86' lang='lat' dir='ltr'><strong>perferat,</strong></span> 
     </span>
     <span class='ocr_line' id='line_1_22' title="bbox 410 2592 983 2674; baseline 0 -20"><span class='ocrx_word' id='word_1_99' title='bbox 410 2595 445 2655; x_wconf 91' lang='lat' dir='ltr'><strong>ut</strong></span> <span class='ocrx_word' id='word_1_100' title='bbox 468 2610 486 2654; x_wconf 93' lang='lat' dir='ltr'><strong>a</strong></span> <span class='ocrx_word' id='word_1_101' title='bbox 508 2592 635 2655; x_wconf 88' lang='lat' dir='ltr'><strong>iuuenta</strong></span> <span class='ocrx_word' id='word_1_102' title='bbox 657 2592 851 2674; x_wconf 82' lang='lat' dir='ltr'><strong>singulariter</strong></span> <span class='ocrx_word' id='word_1_103' title='bbox 874 2592 983 2655; x_wconf 87' lang='lat' dir='ltr'><strong>sedens</strong></span> 
     </span>
     <span class='ocr_line' id='line_1_23' title="bbox 460 2696 885 2777; baseline 0.002 -19"><span class='ocrx_word' id='word_1_104' title='bbox 460 2696 611 2777; x_wconf 88' lang='lat' dir='ltr'><strong>tacitaque</strong></span> <span class='ocrx_word' id='word_1_105' title='bbox 635 2696 773 2759; x_wconf 88' lang='lat' dir='ltr'><strong>seclusus</strong></span> <span class='ocrx_word' id='word_1_106' title='bbox 796 2696 885 2759; x_wconf 88' lang='lat' dir='ltr'><strong>domo</strong></span> 
     </span>
     <span class='ocr_line' id='line_1_24' title="bbox 411 2799 948 2880; baseline 0.002 -19"><span class='ocrx_word' id='word_1_107' title='bbox 411 2802 493 2862; x_wconf 88' lang='lat' dir='ltr'><strong>amet</strong></span> <span class='ocrx_word' id='word_1_108' title='bbox 516 2800 635 2880; x_wconf 86' lang='lat' dir='ltr'><strong>quietae</strong></span> <span class='ocrx_word' id='word_1_109' title='bbox 658 2802 740 2862; x_wconf 87' lang='lat' dir='ltr'><strong>tecta</strong></span> <span class='ocrx_word' id='word_1_110' title='bbox 762 2799 948 2878; x_wconf 84' lang='lat' dir='ltr'><strong>solitudinis,</strong></span> 
     </span>
     <span class='ocr_line' id='line_1_25' title="bbox 307 2903 855 2985; baseline 0.004 -21"><span class='ocrx_word' id='word_1_111' title='bbox 307 2910 367 2966; x_wconf 83' lang='grc'><strong>730</strong></span> <span class='ocrx_word' id='word_1_112' title='bbox 463 2903 559 2985; x_wconf 90' lang='lat' dir='ltr'><strong>spinis</strong></span> <span class='ocrx_word' id='word_1_113' title='bbox 582 2907 613 2966; x_wconf 91' lang='lat' dir='ltr'><strong>et</strong></span> <span class='ocrx_word' id='word_1_114' title='bbox 636 2921 724 2966; x_wconf 87' lang='lat' dir='ltr'><strong>aures</strong></span> <span class='ocrx_word' id='word_1_115' title='bbox 749 2904 855 2985; x_wconf 91' lang='lat' dir='ltr'><strong>sepiat.</strong></span> 
     </span>
     <span class='ocr_line' id='line_1_26' title="bbox 410 3005 1170 3089; baseline 0 -20"><span class='ocrx_word' id='word_1_116' title='bbox 410 3005 552 3070; x_wconf 88' lang='lat' dir='ltr'><strong>domibus</strong></span> <span class='ocrx_word' id='word_1_117' title='bbox 576 3006 714 3071; x_wconf 89' lang='lat' dir='ltr'><strong>ciborum</strong></span> <span class='ocrx_word' id='word_1_118' title='bbox 736 3007 890 3089; x_wconf 86' lang='lat' dir='ltr'><strong>praeferat</strong></span> <span class='ocrx_word' id='word_1_119' title='bbox 911 3009 1012 3071; x_wconf 88' lang='lat' dir='ltr'><strong>luctus</strong></span> <span class='ocrx_word' id='word_1_120' title='bbox 1036 3007 1170 3086; x_wconf 87' lang='lat' dir='ltr'><strong>domum,</strong></span> 
     </span>
     <span class='ocr_line' id='line_1_27' title="bbox 461 3109 868 3194; baseline 0.002 -21"><span class='ocrx_word' id='word_1_121' title='bbox 461 3113 495 3173; x_wconf 90' lang='lat' dir='ltr'><strong>ut</strong></span> <span class='ocrx_word' id='word_1_122' title='bbox 516 3112 663 3194; x_wconf 85' lang='lat' dir='ltr'><strong>gaudium</strong></span> <span class='ocrx_word' id='word_1_123' title='bbox 685 3109 760 3175; x_wconf 87' lang='lat' dir='ltr'><strong>fletu</strong></span> <span class='ocrx_word' id='word_1_124' title='bbox 785 3115 868 3175; x_wconf 87' lang='lat' dir='ltr'><strong>serat</strong></span> 
     </span>
     <span class='ocr_line' id='line_1_28' title="bbox 410 3213 1055 3297; baseline 0 -20"><span class='ocrx_word' id='word_1_125' title='bbox 410 3231 538 3295; x_wconf 87' lang='lat' dir='ltr'><strong>seseque</strong></span> <span class='ocrx_word' id='word_1_126' title='bbox 562 3215 645 3278; x_wconf 89' lang='lat' dir='ltr'><strong>duris</strong></span> <span class='ocrx_word' id='word_1_127' title='bbox 669 3219 777 3297; x_wconf 86' lang='lat' dir='ltr'><strong>sponte</strong></span> <span class='ocrx_word' id='word_1_128' title='bbox 800 3217 904 3279; x_wconf 87' lang='lat' dir='ltr'><strong>uectat</strong></span> <span class='ocrx_word' id='word_1_129' title='bbox 925 3213 1055 3297; x_wconf 71' lang='lat' dir='ltr'><strong>legibus</strong></span> 
     </span>
     <span class='ocr_line' id='line_1_29' title="bbox 461 3318 934 3400; baseline 0 -20"><span class='ocrx_word' id='word_1_130' title='bbox 461 3318 569 3400; x_wconf 84' lang='lat' dir='ltr'><strong>culpae</strong></span> <span class='ocrx_word' id='word_1_131' title='bbox 592 3321 627 3382; x_wconf 90' lang='lat' dir='ltr'><strong>ut</strong></span> <span class='ocrx_word' id='word_1_132' title='bbox 648 3320 782 3382; x_wconf 88' lang='lat' dir='ltr'><strong>resoluat</strong></span> <span class='ocrx_word' id='word_1_133' title='bbox 804 3318 934 3382; x_wconf 88' lang='lat' dir='ltr'><strong>uinculis</strong></span> 
     </span>
     <span class='ocr_line' id='line_1_30' title="bbox 309 3421 1069 3505; baseline 0.001 -21"><span class='ocrx_word' id='word_1_134' title='bbox 309 3429 367 3485; x_wconf 83' lang='grc'><strong>735</strong></span> <span class='ocrx_word' id='word_1_135' title='bbox 411 3422 639 3503; x_wconf 86' lang='lat' dir='ltr'><strong>patientiaeque</strong></span> <span class='ocrx_word' id='word_1_136' title='bbox 662 3422 830 3505; x_wconf 90' lang='lat' dir='ltr'><strong>conpedem</strong></span> <span class='ocrx_word' id='word_1_137' title='bbox 853 3424 979 3504; x_wconf 83' lang='lat' dir='ltr'><strong>inponat</strong></span> <span class='ocrx_word' id='word_1_138' title='bbox 1001 3421 1069 3501; x_wconf 86' lang='lat' dir='ltr'><strong>sibi,</strong></span> 
     </span>
     <span class='ocr_line' id='line_1_31' title="bbox 460 3527 936 3609; baseline 0 -20"><span class='ocrx_word' id='word_1_139' title='bbox 460 3545 516 3589; x_wconf 90' lang='lat' dir='ltr'><strong>uec</strong></span> <span class='ocrx_word' id='word_1_140' title='bbox 540 3527 610 3590; x_wconf 87' lang='lat' dir='ltr'><strong>sede</strong></span> <span class='ocrx_word' id='word_1_141' title='bbox 633 3545 690 3590; x_wconf 89' lang='lat' dir='ltr'><strong>neo</strong></span> <span class='ocrx_word' id='word_1_142' title='bbox 713 3545 804 3590; x_wconf 86' lang='lat' dir='ltr'><strong>seusu</strong></span> <span class='ocrx_word' id='word_1_143' title='bbox 828 3545 936 3609; x_wconf 75' lang='lat' dir='ltr'><strong>aragus.</strong></span> 
     </span>
    </p>
   </div>
   <div class='ocr_carea' id='block_1_4' title="bbox 156 3751 1279 4166">
    <p class='ocr_par' dir='ltr' id='par_1_4' title="bbox 156 3751 1279 4166">
     <span class='ocr_line' id='line_1_32' title="bbox 201 3751 1278 3820; baseline -0.001 -14"><span class='ocrx_word' id='word_1_144' title='bbox 201 3755 249 3807; x_wconf 87' lang='grc'><strong>707</strong></span> <span class='ocrx_word' id='word_1_145' title='bbox 269 3751 388 3804; x_wconf 85' lang='lat' dir='ltr'><strong>forsitam</strong></span> <span class='ocrx_word' id='word_1_146' title='bbox 400 3753 461 3820; x_wconf 86' lang='grc' dir='ltr'><strong>ΒΟ,</strong></span> <span class='ocrx_word' id='word_1_147' title='bbox 480 3752 595 3805; x_wconf 87' lang='lat' dir='ltr'><strong>l&#39;orsano</strong></span> <span class='ocrx_word' id='word_1_148' title='bbox 647 3754 697 3806; x_wconf 85' lang='lat'><strong>710</strong></span> <span class='ocrx_word' id='word_1_149' title='bbox 715 3751 892 3819; x_wconf 81' lang='lat' dir='ltr'><strong>fameltosw.,</strong></span> <span class='ocrx_word' id='word_1_150' title='bbox 910 3751 1008 3805; x_wconf 88' lang='lat' dir='ltr'><strong>famem</strong></span> <span class='ocrx_word' id='word_1_151' title='bbox 1020 3753 1095 3806; x_wconf 77' lang='lat' dir='ltr'><strong>nov</strong></span> <span class='ocrx_word' id='word_1_152' title='bbox 1147 3754 1197 3807; x_wconf 78' lang='grc'><strong>714</strong></span> <span class='ocrx_word' id='word_1_153' title='bbox 1216 3752 1278 3820; x_wconf 86' lang='lat' dir='ltr'><strong>quia</strong></span> 
     </span>
     <span class='ocr_line' id='line_1_33' title="bbox 156 3837 1277 3908; baseline 0.002 -16"><span class='ocrx_word' id='word_1_154' title='bbox 156 3838 238 3906; x_wconf 75' lang='lat' dir='ltr'><strong>Boc,</strong></span> <span class='ocrx_word' id='word_1_155' title='bbox 257 3840 301 3906; x_wconf 87' lang='lat' dir='ltr'><strong>qui</strong></span> <span class='ocrx_word' id='word_1_156' title='bbox 319 3839 404 3895; x_wconf 76' lang='lat' dir='ltr'><strong>Rosea.</strong></span> <span class='ocrx_word' id='word_1_157' title='bbox 470 3841 519 3894; x_wconf 89' lang='grc'><strong>715</strong></span> <span class='ocrx_word' id='word_1_158' title='bbox 537 3837 622 3892; x_wconf 90' lang='lat' dir='ltr'><strong>uisO</strong></span> <span class='ocrx_word' id='word_1_159' title='bbox 689 3838 802 3908; x_wconf 75' lang='lat' dir='ltr'><strong>traditus</strong></span> <span class='ocrx_word' id='word_1_160' title='bbox 820 3841 860 3892; x_wconf 88' lang='lat' dir='ltr'><strong>est</strong></span> <span class='ocrx_word' id='word_1_161' title='bbox 877 3839 904 3893; x_wconf 93' lang='grc' dir='ltr'><strong><em>Β</em></strong></span> <span class='ocrx_word' id='word_1_162' title='bbox 973 3842 1023 3895; x_wconf 92' lang='grc'><strong>718</strong></span> <span class='ocrx_word' id='word_1_163' title='bbox 1041 3838 1189 3892; x_wconf 83' lang='lat' dir='ltr'><strong>castitatem</strong></span> <span class='ocrx_word' id='word_1_164' title='bbox 1207 3841 1277 3894; x_wconf 78' lang='lat' dir='ltr'><strong>coni.</strong></span> 
     </span>
     <span class='ocr_line' id='line_1_34' title="bbox 158 3924 1278 3994; baseline 0.001 -15"><span class='ocrx_word' id='word_1_165' title='bbox 158 3927 337 3994; x_wconf 63' lang='lat' dir='ltr'><strong>lucanenses,</strong></span> <span class='ocrx_word' id='word_1_166' title='bbox 356 3925 491 3979; x_wconf 83' lang='lat' dir='ltr'><strong>caritatem</strong></span> <span class='ocrx_word' id='word_1_167' title='bbox 509 3925 583 3980; x_wconf 79' lang='lat' dir='ltr'><strong>Boc</strong></span> <span class='ocrx_word' id='word_1_168' title='bbox 640 3925 849 3979; x_wconf 83' lang='lat' dir='ltr'><strong>719inritientis</strong></span> <span class='ocrx_word' id='word_1_169' title='bbox 871 3924 1108 3993; x_wconf 64' lang='lat' dir='ltr'><strong>annuentium</strong></span> <span class='ocrx_word' id='word_1_170' title='bbox 1168 3927 1217 3981; x_wconf 91' lang='grc'><strong>721</strong></span> <span class='ocrx_word' id='word_1_171' title='bbox 1238 3943 1278 3980; x_wconf 88' lang='lat' dir='ltr'><strong>re-</strong></span> 
     </span>
     <span class='ocr_line' id='line_1_35' title="bbox 157 4011 1278 4080; baseline 0.003 -17"><span class='ocrx_word' id='word_1_172' title='bbox 157 4011 228 4080; x_wconf 83' lang='lat' dir='ltr'><strong>spuit</strong></span> <span class='ocrx_word' id='word_1_173' title='bbox 239 4012 325 4079; x_wconf 55' lang='lat' dir='ltr'><strong>Boia·</strong></span> <span class='ocrx_word' id='word_1_174' title='bbox 342 4030 389 4067; x_wconf 80' lang='lat' dir='ltr'><strong>ear.</strong></span> <span class='ocrx_word' id='word_1_175' title='bbox 402 4013 576 4067; x_wconf 76' lang='lat' dir='ltr'><strong>Zeclacteister</strong></span> <span class='ocrx_word' id='word_1_176' title='bbox 627 4011 728 4080; x_wconf 85' lang='lat' dir='ltr'><strong>respuit</strong></span> <span class='ocrx_word' id='word_1_177' title='bbox 739 4011 867 4080; x_wconf 85' lang='lat' dir='ltr'><strong>superbus</strong></span> <span class='ocrx_word' id='word_1_178' title='bbox 879 4013 906 4067; x_wconf 91' lang='grc' dir='ltr'>Β</span> <span class='ocrx_word' id='word_1_179' title='bbox 960 4015 1011 4067; x_wconf 88' lang='grc'><strong>722</strong></span> <span class='ocrx_word' id='word_1_180' title='bbox 1022 4011 1119 4065; x_wconf 89' lang='lat' dir='ltr'><strong>uitauit</strong></span> <span class='ocrx_word' id='word_1_181' title='bbox 1131 4013 1218 4080; x_wconf 88' lang='lat' dir='ltr'><strong>B0c;</strong></span> <span class='ocrx_word' id='word_1_182' title='bbox 1229 4030 1278 4068; x_wconf 84' lang='lat' dir='ltr'><strong>em.</strong></span> 
     </span>
     <span class='ocr_line' id='line_1_36' title="bbox 156 4098 1279 4166; baseline 0.001 -14"><span class='ocrx_word' id='word_1_183' title='bbox 156 4099 330 4153; x_wconf 80' lang='lat' dir='ltr'><strong>Zectmec&#39;ater</strong></span> <span class='ocrx_word' id='word_1_184' title='bbox 381 4101 430 4154; x_wconf 87' lang='grc'><strong>723</strong></span> <span class='ocrx_word' id='word_1_185' title='bbox 448 4101 596 4151; x_wconf 82' lang='lat' dir='ltr'><strong>anteuertet</strong></span> <span class='ocrx_word' id='word_1_186' title='bbox 617 4098 667 4164; x_wconf 85' lang='lat' dir='ltr'><strong>Oc,</strong></span> <span class='ocrx_word' id='word_1_187' title='bbox 686 4098 800 4152; x_wconf 85' lang='lat' dir='ltr'><strong>antefert</strong></span> <span class='ocrx_word' id='word_1_188' title='bbox 818 4102 845 4153; x_wconf 91' lang='lat' dir='ltr'><strong>et</strong></span> <span class='ocrx_word' id='word_1_189' title='bbox 856 4098 890 4166; x_wconf 88' lang='grc' dir='ltr'><strong>Β,</strong></span> <span class='ocrx_word' id='word_1_190' title='bbox 909 4100 1174 4154; x_wconf 76' lang='lat' dir='ltr'><strong>anteuertithbrua</strong></span> <span class='ocrx_word' id='word_1_191' title='bbox 1224 4098 1279 4153; x_wconf 87' lang='lat' dir='ltr'><strong>lae·</strong></span> 
     </span>
    </p>
   </div>
   <div class='ocr_carea' id='block_1_5' title="bbox 154 4182 1279 4337">
    <p class='ocr_par' dir='ltr' id='par_1_5' title="bbox 154 4182 1279 4337">
     <span class='ocr_line' id='line_1_37' title="bbox 157 4182 1279 4253; baseline 0.004 -16"><span class='ocrx_word' id='word_1_192' title='bbox 157 4182 301 4241; x_wconf 84' lang='lat' dir='ltr'><strong>talibusO</strong></span> <span class='ocrx_word' id='word_1_193' title='bbox 357 4187 407 4240; x_wconf 86' lang='grc'><strong>729</strong></span> <span class='ocrx_word' id='word_1_194' title='bbox 425 4183 557 4253; x_wconf 79' lang='lat' dir='ltr'><strong>quiesco</strong></span> <span class='ocrx_word' id='word_1_195' title='bbox 612 4186 662 4240; x_wconf 89' lang='grc'><strong>733</strong></span> <span class='ocrx_word' id='word_1_196' title='bbox 680 4184 819 4252; x_wconf 78' lang='lat' dir='ltr'><strong>sedqueO</strong></span> <span class='ocrx_word' id='word_1_197' title='bbox 875 4187 925 4241; x_wconf 81' lang='grc'><strong>734</strong></span> <span class='ocrx_word' id='word_1_198' title='bbox 944 4185 1036 4238; x_wconf 87' lang='lat' dir='ltr'><strong>uinclis</strong></span> <span class='ocrx_word' id='word_1_199' title='bbox 1054 4186 1081 4239; x_wconf 90' lang='lat' dir='ltr'><em>B</em></span> <span class='ocrx_word' id='word_1_200' title='bbox 1139 4188 1188 4241; x_wconf 86' lang='grc'><strong>735</strong></span> <span class='ocrx_word' id='word_1_201' title='bbox 1207 4201 1279 4240; x_wconf 83' lang='lat' dir='ltr'><strong>eam·</strong></span> 
     </span>
     <span class='ocr_line' id='line_1_38' title="bbox 154 4269 634 4337; baseline 0.006 -15"><span class='ocrx_word' id='word_1_202' title='bbox 154 4271 224 4337; x_wconf 72' lang='lat' dir='ltr'><strong>peni</strong></span> <span class='ocrx_word' id='word_1_203' title='bbox 241 4272 268 4325; x_wconf 92' lang='lat' dir='ltr'><em>B</em></span> <span class='ocrx_word' id='word_1_204' title='bbox 320 4272 370 4325; x_wconf 86' lang='grc'><strong>736</strong></span> <span class='ocrx_word' id='word_1_205' title='bbox 388 4269 447 4323; x_wconf 81' lang='lat' dir='ltr'><strong>sede</strong></span> <span class='ocrx_word' id='word_1_206' title='bbox 465 4288 497 4325; x_wconf 80' lang='lat' dir='ltr'><strong>ec</strong></span> <span class='ocrx_word' id='word_1_207' title='bbox 515 4269 546 4323; x_wconf 89' lang='lat' dir='ltr'><strong>de</strong></span> <span class='ocrx_word' id='word_1_208' title='bbox 564 4270 634 4325; x_wconf 89' lang='lat' dir='ltr'><strong>seO</strong></span> 
     </span>
    </p>
   </div>
   <div class='ocr_carea' id='block_1_6' title="bbox 0 0 1492 4664">
    <p class='ocr_par' dir='ltr' id='par_1_6' title="bbox 0 0 1492 4664">
     <span class='ocr_line' id='line_1_39' title="bbox 0 0 1492 4664; baseline 0 0"><span class='ocrx_word' id='word_1_209' title='bbox 0 0 1492 4664; x_wconf 95' lang='lat' dir='ltr'><strong> </strong></span> 
     </span>
    </p>
   </div>
  </div>
 </body>
</html>
