2918 4664
528 311 653 349 carmen
669 295 740 358 xxi,
752 297 894 352 599-666.

252 472 283 533 51
304 469 431 553 dignum
453 470 584 533 retinere
607 487 680 533 suae
702 469 752 552 pia
774 469 874 533 carnis
896 469 1044 534 honorem

252 589 331 654 ossa,
353 572 466 654 quibus
490 577 615 638 sanctus
637 591 808 654 numquam
831 572 952 638 desistit
973 573 1082 637 adesse

251 677 385 760 spiritus,
408 677 490 741 unde
512 677 570 761 piis
593 680 656 742 stat
677 676 778 760 gratia
799 678 872 740 uiua
894 677 1073 759 sepulchris,

252 798 331 861 quae
352 781 462 864 probat
483 781 515 844 in
538 779 660 846 61111515
682 781 804 845 1555155
828 780 893 844 5155
916 783 1013 845 morte
1036 781 1172 864 sepultos

167 890 230 946 635
253 883 291 947 ad
312 887 435 968 tempus
456 884 576 968 placido
598 884 691 967 sopiri
713 901 839 967 corpora
861 902 978 949 somno.

252 1005 323 1071 ergo
345 989 511 1053 reformato
533 988 644 1053 Felicis
667 989 781 1052 honore
804 988 958 1071 sepulchri

251 1092 354 1157 omnia
376 1092 506 1156 sollicite
529 1093 648 1156 munita
669 1091 882 1173 relinquimus,
905 1091 1024 1156 utiam

252 1213 349 1276 usque
372 1196 454 1260 diem
477 1195 604 1276 domini,
627 1213 686 1277 quo
709 1195 813 1260 debita
834 1196 970 1279 principe
992 1194 1113 1260 Christo

252 1299 356 1362 excitis
378 1299 493 1382 pariter
514 1299 649 1363 radiabit
670 1300 767 1383 gloria
788 1300 912 1379 sanctis,

169 1409 229 1463 640
252 1403 432 1467 inconcussa
454 1420 509 1467 suo
531 1403 724 1484 requiescant
746 1418 816 1467 osse
837 1402 941 1483 cubili,

252 1523 391 1588 quaeque
413 1507 550 1571 55151515
573 1511 713 1570 55551515
736 1511 843 1571 manet
864 1507 896 1571 15
917 1507 1041 1589 regione
1064 1524 1196 1589 superna

251 1627 320 1691 pur,
344 1610 450 1674 eadem
474 1611 505 1674 in
528 1615 609 1675 terra
631 1614 736 1674 teneat
757 1610 931 1674 uenerabile
954 1629 1073 1692 corpus.

294 1713 367 1795 quid
387 1718 528 1796 superest
547 1714 627 1796 quod
642 1714 741 1778 adhue
755 1714 908 1777 referam?
930 1715 1019 1795 quasi
1033 1726 1106 1778 uero
1126 1714 1176 1777 uel
1195 1715 1263 1796 ipsa

252 1834 328 1898 quac
351 1818 448 1882 555151
471 1818 561 1901 digne
585 1818 730 1881 ediderim
752 1819 802 1882 uel
824 1820 935 1882 555515
955 1818 1072 1900 profusi

169 1926 229 1981 645
253 1939 382 1986 1555515
403 1922 563 1986 retulerim
585 1922 674 2004 pleno
698 1939 838 1985 sermone
860 1922 988 2004 patroni.

251 2026 349 2089 multa
370 2026 468 2089 latent
489 2043 626 2105 numero,
649 2026 778 2088 memori
799 2028 903 2088 151555
926 2025 1030 2088 515515
1051 2023 1140 2088 nobis

251 2133 374 2210 pectore
395 2128 455 2192 fixa
477 2128 595 2209 sedent,
618 2132 649 2193 et
670 2129 802 2212 plurima
823 2128 885 2191 iam
907 2130 1086 2208 memorata,

250 2232 340 2313 plura
362 2232 455 2296 etiam
478 2231 678 2296 memoranda
699 2234 835 2295 manent.
860 2231 913 2294 sed
936 2231 1071 2294 maxima
1092 2231 1199 2294 multis

252 2336 440 2418 excerpenda
461 2339 566 2400 monet
588 2335 766 2400 moderandi
787 2335 894 2418 regula
915 2333 996 2398 libri.

169 2444 230 2501 650
252 2438 394 2503 51551155
418 2440 562 2504 5111155115
585 2457 712 2523 operum
734 2456 813 2520 quae
836 2442 901 2501 arte
923 2439 1065 2502 uidentur

182 2569 184 2574 ·
252 2541 380 2607 diuersis
403 2547 521 2608 5151515
543 2544 653 2623 modis,
676 2543 794 2607 excelsa
816 2561 869 2625 per
891 2543 977 2605 aulas

252 2649 283 2709 51
303 2665 357 2729 per
379 2646 535 2711 uestibula
557 2647 688 2711 extentis
711 2646 898 2710 circumdata
918 2646 979 2709 late

251 2749 429 2832 porticibus,
452 2751 553 2814 solum
576 2750 668 2814 simul
690 2750 794 2813 omnia
815 2768 928 2813 munus
951 2765 1100 2830 aquarum

251 2856 333 2917 tecta
353 2845 535 2917 uidebantur
557 2854 684 2917 maestis
707 2870 793 2917 orare
816 2852 940 2916 colonis.

170 2962 230 3016 655
253 2957 356 3038 ipsum
378 2958 482 3038 etiam,
505 2957 613 3037 fatcor,
638 2958 765 3039 querula
787 2957 849 3020 ianr
871 2974 947 3019 uoce
970 2954 1107 3020 solebam

251 3058 384 3125 Felicem
406 3061 546 3125 incusare
569 3079 683 3141 meum,
707 3060 795 3142 quasi
816 3059 952 3143 segniter
973 3059 1042 3123 istis

251 3163 381 3228 instaret
402 3165 493 3244 uotis,
515 3164 597 3245 quod
619 3182 716 3245 aquae
739 3165 893 3227 consortia
914 3163 1001 3226 nobis

251 3270 316 3331 tam
337 3269 464 3351 longum
488 3268 570 3332 socia
589 3271 746 3350 pateretur
768 3268 806 3331 ab
829 3265 904 3330 urbe
927 3267 1040 3349 negari.

251 3389 359 3436 551551
381 3372 553 3435 1555555115
573 3375 771 3453 properantes
795 3374 897 3434 mente
919 3370 1062 3434 trahebat

168 3481 230 3537 660
252 3475 378 3539 consilio
400 3476 517 3556 potiore
539 3493 640 3539 moras
663 3476 694 3538 in
718 3478 857 3557 tempora
878 3477 1004 3538 nectens

192 3758 458 3826 6341115151Α11Δ,
478 3758 661 3829 probetMor.
730 3757 836 3812 functus
854 3760 880 3812 A
940 3759 999 3861 t635
1016 3723 1114 3812 temwA
1183 3757 1261 3827 sopiri

149 3870 232 3935 Maur„
255 3870 333 3940 sopiti
355 3872 436 3926 ADA
504 3874 554 3927 640
575 3872 679 3924 1555555
700 3872 726 3924 A
795 3870 991 3925 6421555514
1059 3870 1109 3925 643
1130 3869 1209 3923 511155
1232 3870 1262 3925 D

149 3958 199 4011 645
217 3955 364 4011 rettulerim
381 3956 411 4012 D
461 3959 510 4012 647
529 3958 649 4025 51111155,
667 3957 766 4010 erAD
819 3954 1261 4026 55656555170655151115515-

148 4041 256 4096 51155115
277 4057 385 4112 operum
403 4058 468 4111 quae
486 4043 569 4097 multa
587 4043 711 4096 uidentur
727 4045 840 4096 iteratur
855 4048 886 4096 ot
903 4044 983 4111 focile
1000 4043 1089 4096 5111511
1101 4045 1188 4111 vpossit
1205 4059 1260 4098 coo

147 4131 245 4186 rectior
294 4132 345 4186 656
363 4133 418 4184 arte
435 4131 539 4199 5511551,
558 4132 626 4183 51515
643 4130 700 4184 AD
751 4130 801 4184 652
818 4128 929 4182 51155515
947 4130 1024 4183 Mor:
1071 4126 1217 4182 5115156515
1232 4129 1261 4182 A

148 4219 197 4271 655
216 4217 339 4283 quaerula
356 4218 382 4270 A

1062 4302 1108 4349 12*
