2918 4664
463 306 464 310 ¹
516 298 641 337 earmen
657 281 868 348 mitt-198.

155 464 215 520 165
238 457 370 540 eorpqris
392 457 501 523 inlaesi
524 459 610 542 niger
632 462 664 523 et
685 458 835 523 ninxisset
855 457 987 522 inertem

64 562 67 566 '
236 579 325 626 mens
347 561 456 626 durata
476 580 574 643 reum,
597 561 658 626 nisi
677 562 799 644 lapsum
822 579 921 645 poena
941 561 1079 645 ligasset.

237 681 308 749 erge
329 667 439 749 petens
461 666 578 730 mediae
600 666 633 730 in
655 664 770 730 demini
790 668 825 729 tu
847 664 971 729 nomine
994 663 1108 730 christi

236 768 329 850 Felix,
352 769 415 834 iam
437 770 513 834 satis
535 769 592 834 hee
613 769 672 834 tibi
693 768 733 834 sit
755 769 937 851 dominoque
959 767 1088 852 petenti,

236 872 316 955 qued
337 891 399 938 nen
420 872 466 938 ira
487 873 572 953 mihi,
595 873 691 957 pietas
714 873 769 938 sed
790 873 891 937 amiea
912 871 1005 938 saluti

154 981 214 1039 170
236 976 419 1060 supplicium
441 977 569 1061 peperit,
591 976 768 1042 deuinctum
790 980 826 1041 nt
847 993 972 1060 serpere
993 975 1085 1059 eulpa

235 1079 377 1145 solueret
399 1098 470 1146 eene
490 1080 609 1145 malum
632 1099 756 1145 semum
777 1080 979 1164 refugamque
1001 1097 1144 1145 ueraeem

234 1184 300 1249 iure
321 1183 476 1250 retraxisti
497 1185 615 1250 iniectis
637 1200 692 1269 pre
715 1185 842 1249 erimine
864 1183 984 1250 uinelis.

235 1285 352 1352 debitor
374 1287 479 1353 infelix
500 1289 819 1373 teneereenstringer
841 1288 961 1368 aduror,

233 1393 406 1474 propositus
428 1393 545 1457 eunetis
568 1391 664 1456 diuini
685 1391 785 1456 ferma
806 1392 936 1457 timeris.

154 1501 214 1556 175
237 1493 391 1559 mentibus
414 1495 491 1561 haee
511 1513 618 1574 omnes
640 1496 767 1578 trepidis
791 1496 956 1575 adtendite,
980 1512 1058 1577 quae
1080 1511 1161 1558 nune

233 1616 283 1663 me
306 1600 454 1664 miserum
467 1600 593 1682 reliquis
615 1600 797 1664 documento
818 1599 898 1665 ferre
920 1598 1042 1663 uidetis.

233 1703 383 1784 numquid
405 1703 486 1768 enim
509 1703 567 1768 hoe
589 1721 689 1768 errore
711 1707 817 1777 darent
839 1703 953 1786 aliqui?
976 1701 1084 1767 sedin
1106 1718 1167 1767 nne

234 1808 409 1891 exemplum
431 1807 498 1872 fieri
519 1809 644 1892 placuit,
668 1825 727 1891 que
751 1808 792 1872 sit
813 1826 884 1872 mea
904 1824 1004 1890 paena

121 1945 124 1950 ·
234 1914 266 1976 et
286 1911 505 1995 praeiudicium
528 1911 638 1994 quibus
660 1912 834 1978 emendatis
855 1929 916 1977 non
939 1913 995 1976 est.

151 2022 213 2078 160
235 2015 289 2079 116
310 2015 372 2080 iam
394 2019 559 2099 perdetne
581 2017 702 2097 misere,
724 2034 840 2100 preest,
863 2015 978 2098 optime
1001 2014 1096 2096 Felix,

232 2136 322 2201 pares
344 2118 455 2202 libens,
478 2138 620 2197 sueenrre
642 2121 764 2196 fauens3
788 2120 872 2185 deler
893 2120 1021 2184 ultimus
1043 2122 1134 2204 urget

233 2223 383 2288 clamosas
403 2224 513 2289 iterare
534 2241 655 2306 praees3
677 2224 808 2288 festinus
832 2224 947 2304 adeste,

160 2415 162 2419 Α
233 2344 271 2391 ne
294 2344 376 2392 mors
397 2328 578 2410 praeueniat
597 2328 751 2393 medicum
773 2328 886 2393 festina
907 2329 1106 2391 morantem.⁴

233 2430 296 2511 sed
307 2431 369 2495 seio
389 2431 470 2514 qnod
490 2431 607 2496 domini
626 2450 736 2496 manus
755 2431 841 2512 haee,
861 2449 939 2513 quae
958 2429 1101 2495 uerberat
1120 2432 1152 2494 et
1169 2447 1246 2512 qnae

151 2539 211 2596 185
228 2536 339 2617 ¹parcet
359 2535 391 2598 in
414 2551 465 2624 ere
487 2521 555 2623 tue}
577 2535 654 2599 mihi
674 2538 796 2600 tantum
818 2538 852 2600 tn
874 2534 964 2598 modo
985 2534 1067 2598 fesso

232 2638 355 2719 iamque
377 2638 532 2703 fatiscent
548 2644 681 2722 'propera
701 2639 803 2703 laxare
825 2641 976 2718 catenam,

202 2742 325 2823 'qnam
347 2744 392 2822 tn,
415 2746 530 2823 sanate,
552 2743 648 2823 uides,
671 2759 726 2826 ege
749 2741 863 2818 sentim
887 2741 966 2807 sieut
988 2744 1091 2825 operto

217 2845 313 2930 elam
335 2847 446 2910 tacitns
468 2847 569 2910 ninelo
591 2846 713 2930 fugitini
733 2844 874 2910 membra
895 2845 1009 2930 ligasti,

233 2950 277 3013 sie
297 2948 445 3014 inuisibili
468 2950 620 3014 medisina
641 2951 725 3014 solue
747 2968 915 3014 reuersum.

152 3059 213 3115 190
276 3052 352 3117 talia
373 3053 569 3134 clamantem,
592 3053 665 3117 dnm
687 3053 825 3137 pestibus
848 3053 954 3118 haeret
974 3053 1006 3117 in
1028 3051 1104 3135 ipsis

232 3154 344 3220 Felicis
367 3157 466 3221 sancti
486 3155 687 3239 lambensque
708 3177 764 3240 per
785 3158 890 3222 escula
911 3157 1014 3240 tergit,

232 3259 375 3325 adtonitis
397 3262 485 3326 illum
507 3263 557 3345 pia
578 3261 671 3326 turba
693 3264 724 3326 et
745 3263 843 3327 eemit
864 3264 895 3326 et
917 3261 1002 3326 andit

232 3364 385 3442 eoetibns;
407 3366 474 3449 ipse
495 3366 598 3431 iaeens
621 3366 716 3431 etiam
738 3384 819 3430 nune
841 3366 966 3450 erigitur
988 3383 1043 3449 spe

174 3694 222 3747 167
235 3690 340 3747 domino
352 3695 426 3749 Mar.
481 3696 530 3750 169
543 3693 611 3747 mina
622 3695 652 3749 D
703 3696 751 3750 170
764 3692 916 3748 deninetum
928 3694 993 3760 AD,
1011 3691 1133 3747 denineto
1146 3693 1181 3760 E,
1200 3691 1244 3746 de-

129 3777 247 3834 uinctam
265 3780 339 3836 Mur.
400 3794 508 3849 corpora
524 3780 554 3835 D
612 3779 715 3849 eulpam
732 3782 807 3836 Mur.
861 3781 908 3836 171
927 3794 1032 3834 seruum
1049 3777 1192 3847 fugamque
1209 3780 1245 3845 A,

130 3865 287 3934 seruumque
303 3864 446 3935 fugamque
458 3868 531 3923 Mar.
587 3869 635 3922 175
647 3865 756 3937 trepidis
768 3882 858 3921 omnes
869 3867 943 3922 Mar.
998 3863 1245 3921 1761111111111111111

130 3951 278 4007 <lenimenta
294 3954 352 4008 AD
413 3949 462 4009 179
479 3955 507 4006 16
523 3954 588 4021 AD,
606 3953 635 4006 in
652 3953 687 4021 E,
704 3954 736 4006 nt
751 3955 814 4022 feet.
879 3953 928 4010 nal
946 3950 1066 4021 atquae]
1085 3953 1243 4020 aeqnefeet.

131 4039 181 4096 185
197 4038 283 4109 parsit
300 4040 331 4093 E
387 4039 417 4092 in
434 4054 478 4093 ore
495 4041 542 4092 tue
559 4039 652 4107 ADE,
669 4053 741 4092 more
759 4053 805 4091 suo
823 4039 906 4114 Mur,
923 4040 1018 4107 pareat.
1036 4038 1065 4092 in
1081 4053 1125 4092 ere
1139 4040 1188 4114 tuo
1206 4040 1246 4091 est

95 4143 105 4176 η
129 4126 198 4182 duni.
222 4123 375 4180 0606170611
442 4124 527 4194 parsit
548 4125 578 4179 in
599 4140 643 4178 ore
664 4126 710 4180 tuo
733 4127 773 4179 est
796 4124 863 4178 situs
884 4139 946 4193 ergo
963 4127 1090 4194 patronus
1107 4124 1196 4179 adesto
1218 4125 1248 4179 E

130 4213 286 4282 reaque
304 4214 334 4268 n
384 4214 432 4269 191
450 4200 536 4282 terget
553 4213 611 4267 An
1134 4242 1135 4245 κ
