2918 4664
531 336 657 374 carmen
674 318 787 387 XXIIII,
801 321 943 376 ara-706.

483 498 645 562 conseruet
665 496 812 560 intactam
835 495 937 559 fidem.

433 600 486 664 sed
508 619 614 665 rursus
636 600 718 664 idem
741 605 773 664 el
795 600 971 683 euangelieo
994 600 1124 682 desuper

484 709 620 769 mentem
642 707 775 770 retentus
797 705 923 784 lumine,

430 813 525 892 ponat
548 810 673 892 capillos
696 807 796 875 oneris
819 812 850 872 et
872 808 1034 872 uelaminis

326 922 386 977 080
483 932 590 978 seruus
613 912 684 977 fidei
705 924 737 978 et
757 912 836 978 liber
857 911 925 976 fide.

429 1017 513 1082 hune
534 1017 614 1082 laete
636 1016 734 1101 prime
756 1034 811 1100 per
833 1017 1052 1101 prophetarum
1076 1015 1171 1080 ubera

478 1122 528 1186 lex
548 1122 728 1206 paedagoge
749 1120 875 1202 nutriat,

429 1211 520 1290 hune
533 1226 712 1309 angelorum
732 1242 812 1308 pane
834 1224 931 1289 duleis
953 1224 1053 1308 gratia

480 1332 512 1393 et
534 1328 625 1393 melle
647 1329 685 1393 (le
706 1331 795 1412 petra
816 1325 906 1392 cibet.

325 1442 386 1497 685
430 1433 601 1498 inebrietur
622 1431 776 1499 sobriante
797 1432 907 1516 poeula

478 1538 515 1602 de
538 1538 623 1602 fonte
645 1539 743 1603 saneti
766 1536 901 1622 spiritns.

428 1645 458 1706 et
480 1642 546 1725 ipse
568 1644 602 1706 ln
624 1659 694 1706 mer
717 1642 878 1724 copulatus
900 1638 971 1704 filiis

478 1749 513 1810 nt
535 1745 639 1829 palma
659 1745 803 1810 florescas
826 1745 891 1811 deo.

427 1853 458 1912 et
481 1867 550 1913 eene
572 1849 681 1914 eeninx
703 1850 735 1913 in
757 1849 830 1932 iugo
853 1847 968 1914 Christi
988 1852 1042 1912 tna

323 1961 382 2016 000
477 1957 511 2016 ut
533 1954 606 2017 uitis
628 1953 761 2018 exundat
782 1952 873 2033 bona,

425 2056 508 2120 domi
531 2057 647 2139 deeque
670 2060 754 2121 easta
775 2057 864 2121 fortis
886 2056 962 2120 haee
984 2055 1042 2119 tibi

474 2159 623 2224 lateribus
645 2161 677 2224 in
700 2160 809 2224 lomus
831 2163 913 2241 tuae,

424 2282 513 2329 aurae
536 2265 640 2329 mariti
663 2266 827 2346 sustineus,
851 2266 961 2329 einans
984 2263 1086 2345 fidem,

474 2369 572 2435 saneti
594 2387 706 2435 aeruna
727 2369 875 2452 coniugis,

319 2482 379 2536 695
424 2474 455 2537 in
478 2474 619 2538 castitate
640 2474 753 2538 liberos
776 2474 934 2538 enutriens

472 2577 569 2641 uitam
591 2579 782 2643 nouellantes
805 2579 870 2642 deo.

422 2682 504 2746 hune
527 2700 660 2764 namque
682 2686 785 2747 uestra
807 2683 871 2747 nite
894 2683 997 2747 fusum
1019 2681 1179 2764 palmitem

472 2785 517 2849 sie
539 2784 627 2850 eredo
649 2784 835 2849 firmandum
857 2786 923 2864 deo,

420 2889 530 2954 radicis
553 2889 619 2972 ipse
640 2906 746 2953 ramus
768 2893 807 2952 ns
823 2888 908 2953 radix
931 2907 1004 2952 snae

320 2999 379 3054 700
475 3011 579 3056 seeum
602 3010 690 3056 snam
714 2993 839 3076 stirpem
863 2993 974 3057 trahat.

421 3099 459 3160 nt
478 3096 529 3161 ille
552 3096 705 3178 quandam
727 3097 920 3180 prouidentia
942 3097 991 3161 dei

472 3200 636 3265 distraetus
658 3201 691 3264 in
714 3219 837 3265 seruum
859 3220 935 3284 puer

421 3303 460 3368 ad
483 3322 558 3368 arna
580 3304 705 3387 frugum
728 3305 841 3369 missus
865 3308 921 3386 est,
944 3308 980 3369 nt
1002 3309 1032 3369 et
1053 3310 1170 3389 patrem

471 3409 604 3491 praeiret
626 3411 657 3472 et
679 3409 788 3473 fratres
813 3427 893 3490 snos,

318 3519 376 3573 705
422 3513 473 3593 qni
495 3531 565 3577 mox
587 3532 641 3594 per
663 3514 767 3578 orbem
791 3517 993 3578 consecutura
1014 3514 1096 3579 fame

469 3617 566 3698 patris
589 3617 667 3682 alter
689 3622 721 3682 et
742 3618 873 3682 fratrum
895 3619 984 3699 leret,

267 3796 329 3870 aas]
347 3796 399 3864 (rs.
413 3799 454 3861 se,
469 3798 518 3866 17).
571 3799 633 3867 aner
652 3799 704 3866 (rs.
719 3801 775 3867 mr,
789 3800 822 3867 a).

207 3970 257 4024 677
276 3968 445 4038 euuangelias
463 3972 490 4025 B
543 3973 592 4027 689
611 3971 638 4024 in
656 3973 717 4040 ingo
735 3989 785 4027 erra.
799 3975 825 4026 B
881 3973 1110 4028 sapherinas
1166 3978 1213 4031 691
1234 3974 1280 4028 da·

160 4055 254 4111 mnia
313 4055 383 4110 iusta
399 4057 426 4111 B
488 4060 538 4113 693
556 4058 701 4113 maritisO
756 4063 804 4115 097
823 4061 893 4114 hune
911 4077 1023 4129 namque
1040 4079 1065 4131 0,
1081 4078 1193 4130 namque
1210 4061 1280 4116 hune

160 4159 178 4196 a
195 4141 258 4210 ΒΟ,
276 4148 389 4210 namque
406 4142 492 4198 huuee
510 4147 578 4200 coni.
591 4147 766 4201 Zeelemeiater
817 4150 866 4203 792
885 4146 1024 4202 distraetus
1043 4148 1071 4202 iu
1082 4167 1106 4217 v,
1124 4148 1278 4203 distractum

160 4253 200 4322 (ru
218 4252 280 4321 om.)
297 4255 352 4310 Bo
401 4221 476 4324 pn'ter
498 4256 520 4312 0
572 4260 622 4314 rea
639 4261 666 4312 a
683 4276 732 4314 om.
746 4260 771 4312 n
