2918 4664
114 221 179 274 VIII
525 175 528 181 ·
585 217 761 274 Praefatio.

113 391 315 459 13714οῑι
349 396 495 458 secuntur
528 395 666 458 carmina
700 393 850 476 quaedam
881 391 1086 476 Anthologlae
1119 394 1231 458 latinae

221 499 275 578 (=
298 495 484 562 oea-657⁰
500 495 562 582 a).

158 603 208 666 Ad
237 603 350 667 codicis
380 602 474 666 fidem
502 606 533 667 et
562 602 778 666 auctoritatem
807 603 886 667 iuste
916 602 1142 670 aestimandam
1171 619 1232 666 non

113 707 190 770 nihil
204 711 323 770 rectum
339 706 376 770 de
392 707 487 770 totius
509 706 706 786 collectionis,
727 724 819 788 qnam
839 707 985 786 continet,
1006 706 1131 771 consilio
1150 706 1233 769 ualet

117 811 270 874 iudicium.
316 810 441 874 fuerunt
470 810 553 874 enim
583 811 635 891 qui
661 810 741 874 hanc
771 810 922 893 syllogam
945 809 983 873 ab
1006 810 1073 891 ipso
1096 809 1232 873 Ausoqu

113 915 227 978 factam
254 914 304 978 uel
331 914 442 977 saltem
465 913 503 978 ad
530 914 595 977 eius
622 914 815 978 uoluntatem
841 914 1056 978 concinnatam
1078 915 1232 995 putarent,

113 1020 147 1081 ut
167 1017 204 1081 Α.
221 1016 311 1082 Riese
334 1017 475 1101 (Anthol.
491 1018 544 1081 lat.
561 1017 602 1097 II,
618 1017 713 1099 prael.
729 1037 758 1100 p.
778 1015 830 1101 18)
852 1020 882 1081 et
900 1017 1010 1100 Palper
1031 1015 1098 1099 (lib.
1114 1037 1144 1099 p.
1161 1013 1232 1094 273,

113 1121 208 1203 praef.
224 1141 254 1203 p.
270 1121 347 1185 VIII
362 1119 433 1203 sq),
462 1122 512 1184 nel
544 1120 582 1185 ab
608 1121 759 1203 Hesperio
787 1121 964 1185 institutam
993 1121 1232 1203 suspicarentur,

114 1224 200 1288 uelut
222 1223 359 1288 Brandes
383 1223 478 1306 (Ann.
500 1223 575 1306 phil.
595 1221 687 1304 1881,
706 1244 736 1306 p.
753 1222 794 1288 65
810 1225 901 1308 sqq).
939 1242 1018 1306 quae
1044 1226 1151 1287 contra
1177 1223 1233 1286 has

114 1330 283 1392 sententias
311 1329 428 1392 faciunt
455 1331 639 1412 argumenta
666 1332 701 1393 ut
726 1329 802 1392 mihi
828 1328 951 1392 uidetur
972 1328 1080 1412 grauia
1102 1325 1234 1392 Schenkl

115 1431 224 1514 (praef.
240 1452 270 1514 p.
287 1430 420 1496 XXXVI
436 1431 515 1515 sqq.)
540 1433 667 1515 protht
689 1450 800 1514 easque
822 1433 866 1496 ita
889 1432 1073 1513 emendauit,
1096 1434 1132 1495 nt
1153 1430 1234 1494 flori·

115 1537 229 1619 legium
253 1555 288 1598 ex
311 1537 465 1618 opusculis
489 1536 675 1600 Ausonianis
698 1537 731 1600 in
753 1536 875 1602 scholae
898 1537 1026 1600 alieuius
1049 1555 1139 1600 usum
1163 1553 1233 1598 cou-

115 1641 275 1703 cinnatum
301 1640 333 1702 in
355 1640 505 1704 Vossiano
533 1641 633 1704 inesse
661 1643 752 1723 atque
780 1660 861 1722 eum,
889 1641 940 1722 qui
966 1641 1024 1704 hoo
1050 1639 1231 1723 florilegium

116 1745 347 1824 composuisset,
376 1745 491 1826 optimo
519 1744 620 1808 codice
644 1744 815 1826 aquodam
840 1748 968 1828 cognato
991 1745 1041 1809 uel
1063 1743 1233 1827 propinquo

116 1846 246 1910 Ausonii
278 1848 449 1928 conscripto
479 1865 570 1910 usum
600 1865 636 1912 ac
664 1848 845 1930 plerumque
875 1849 967 1913 etiam
997 1848 1145 1927 ordinem,
1175 1864 1234 1928 quo

116 1950 238 2032 singula
260 1951 406 2031 opuscula
428 1951 460 2012 in
483 1950 585 2014 codice
608 1950 660 2015 illo
683 1951 831 2033 disposita
853 1954 966 2030 essent,
994 1952 1133 2014 secutum
1156 1968 1233 2028 esse,

115 2053 160 2116 ita
182 2056 297 2133 tamen,
324 2055 359 2116 ut
383 2053 533 2134 quaedam
555 2055 586 2117 iu
609 2055 667 2118 hac
692 2074 726 2118 re
748 2055 928 2120 immutaret
955 2057 1046 2136 atque
1073 2053 1141 2118 aliis
1169 2070 1234 2116 car—

116 2156 251 2220 minibus
275 2157 396 2221 omissis
419 2157 485 2220 aliis
506 2158 698 2241 transpositis
718 2157 826 2222 turbas
846 2158 1000 2238 excitaret,
1020 2156 1233 2228 a1·bitraretur;

115 2281 171 2322 nec
190 2259 284 2322 uideo
304 2260 403 2342 inquit
417 2281 446 2343 p.
464 2261 646 2325 XXXVIIII
666 2260 745 2345 quid
764 2259 868 2343 obstat,
889 2260 1056 2345 quominus
1075 2260 1111 2322 iu
1130 2279 1233 2320 mona-

116 2362 211 2426 sterio
230 2362 298 2445 illo,
320 2363 403 2447 quod
422 2363 458 2425 in
472 2361 641 2428 Barbarae
656 2364 766 2427 incula
782 2364 854 2447 (fult
873 2366 955 2429 euim
970 2365 1139 2428 Vossianus
1160 2363 1231 2427 olim

116 2467 316 2532 bibliothecae
347 2469 524 2533 monasterii
554 2467 584 2532 S.
604 2469 762 2533 Benedicti
791 2469 823 2532 in
852 2469 954 2532 insula
980 2467 1142 2533 Ile-Barba
1170 2467 1233 2551 siti)

117 2568 255 2633 Carolus
274 2570 413 2656 Mapnue
433 2571 628 2653 condiderat,
640 2571 848 2657 flonilcqium
869 2571 952 2654 quod
973 2569 1234 2656 complectebatur

117 2684 264 2759 ooeccnpta
279 2695 317 2737 eu
331 2673 473 2737 Ausonio
488 2674 623 2739 adiectio
637 2673 735 2737 simui
750 2672 941 2758 quibusdam
955 2672 1137 2759 Symmachi
1150 2673 1234 2736 Pnu-

118 2777 239 2862 Iiniquc
263 2776 411 2862 epistulis
434 2788 462 2840 ct
485 2776 682 2841 carminibus
702 2776 850 2860 Paulini,
876 2777 1030 2862 Petronii,
1053 2775 1234 2842 Claudiani

117 2881 319 2964 aliorumque
350 2881 526 2967 coaafectum
555 2903 617 2945 esec
642 2891 801 2966 putemus,
832 2902 892 2966 quo
918 2882 1052 2964 scholae,-
1082 2903 1162 2967 quac
1187 2879 1234 2944 ibi

108 2983 255 3070 florebat,
279 2984 438 3070 discipuli
464 2983 648 3048 uterentur?

159 3089 241 3152 Ante
265 3107 380 3153 annum
403 3090 500 3153 MDII
523 3088 726 3154 Saunazarius
749 3088 873 3172 (Aetius
896 3088 1051 3171 Sincerus)
1075 3109 1110 3154 ex
1132 3089 1233 3153 codice

116 3194 265 3257 Vossiano
292 3196 366 3256 tunc
393 3195 487 3257 etiam
513 3193 545 3256 in
571 3193 673 3256 insula
698 3193 853 3257 Barbarae
880 3197 1059 3258 conseruato
1086 3192 1235 3257 nonnulla

118 3297 281 3378 excerpsit3
326 3314 456 3377 quorum
487 3299 698 3379 excerptorum
727 3296 904 3379 apographa
932 3297 1021 3379 plura
1050 3295 1234 3378 quaefacta

40 3397 81 3462 W
119 3403 192 3463 sunt
213 3417 275 3463 non
295 3417 439 3462 curamus
459 3401 582 3481 praeter
603 3418 710 3479 unum,
733 3399 814 3480 quod
835 3400 867 3463 ln
890 3399 990 3463 codice
1006 3397 1234 3463 Vindobonensi

117 3501 198 3566 3261
222 3503 244 3565 f.
261 3499 300 3564 81
318 3503 414 3566 chart.
432 3521 511 3566 saec.
527 3503 602 3567 XVI
627 3505 697 3585 post
718 3502 935 3566 Endlioherum
962 3505 1102 3566 accurate
1125 3520 1143 3566 a
1164 3502 1233 3566 Pei-

117 3624 189 3688 pero
213 3607 365 3689 descripto
389 3605 455 3688 (lib.
472 3626 500 3688 p.
517 3604 580 3670 345
595 3606 675 3689 sqq.)
699 3609 807 3686 exstat,
831 3607 917 3670 cuius
939 3606 1083 3670 lectiones
1107 3606 1145 3669 ad
1168 3623 1233 3669 car·

118 3709 297 3774 minabat
322 3709 361 3772 lO
388 3710 595 3785 enotauimus3
633 3711 770 3774 contiuet
796 3714 900 3774 autem
925 3709 945 3773 f.
968 3709 1005 3772 7¹¹
1025 3728 1091 3792 sqq.
1111 3709 1232 3772 Paulini

34 3883 36 3886 ,
118 3832 241 3877 carmen
264 3813 294 3893 5,
317 3812 447 3879 Ausonii
467 3813 624 3896 Epistulas
646 3812 698 3894 24,
714 3810 913 3894 25,1-102,
929 3811 1090 3896 aelam),
1112 3813 1233 3876 Paulini

118 3918 156 3982 ad
178 3916 352 3982 Ausonium
375 3936 399 3980 c.
420 3919 468 3998 ll,
484 3917 597 3998 1-48,
620 3915 882 3998 c.10,19-102.

45 4019 83 4082 Ν
164 4021 359 4086 CollectIonis
390 4022 528 4086 diuersae
560 4022 741 4086 memoriam
772 4024 875 4085 seruat
905 4021 997 4085 codex
1028 4021 1123 4084 Paris.
1150 4019 1232 4082 7558

118 4125 248 4189 membr.
264 4126 286 4188 f.
306 4123 365 4186 168
382 4145 405 4189 s.
421 4125 513 4188 VIIII
535 4124 591 4208 (=
606 4126 669 4189 cod.
688 4123 929 4204 colbertinae,
949 4125 1063 4206 Regius
1080 4122 1171 4185 6411.
1188 4122 1231 4206 5),
