2918 4664
515 297 640 336 carmen
659 281 758 345 XXIII,
773 285 861 338 1-48.

173 465 213 520 aa
236 457 335 521 lactus
357 457 449 522 homo
472 460 596 521 aeterno
619 457 768 538 conplesti
790 457 908 521 semiue
930 457 1082 521 mundum

234 564 267 625 et
287 563 388 626 totum
409 563 498 644 gutta
519 561 650 625 seruasti
673 560 830 643 sanguinis
853 560 980 650 orbem?

234 664 344 745 adnue,
367 665 436 729 fons
459 664 555 744 uerbi,
578 664 707 728 uerbum
732 664 816 738 deus,
840 668 872 728 et
893 665 980 728 uelut
1000 664 1086 728 illam

235 787 285 832 me
308 768 399 832 modo
421 768 502 832 ueris
525 785 615 832 auem
638 768 717 832 dulci
740 768 789 832 fac
812 785 886 832 uoce
908 785 1066 847 canorum,

234 889 311 953 quae
334 871 424 936 uiridi
446 871 503 936 sub
526 872 625 936 fronte
648 873 746 936 latens
770 872 848 936 solet
870 872 939 935 auia
960 889 1032 936 rura

171 984 211 1039 30
235 976 424 1040 multimodis
447 977 582 1039 mulcere
605 976 704 1039 modis
727 975 926 1058 linguamque
948 995 1002 1059 per
1025 993 1119 1040 unam

232 1079 361 1144 fundere
384 1097 444 1143 non
467 1098 544 1144 unas
567 1083 687 1143 mutato
710 1081 845 1143 oarmtne
867 1097 970 1160 uoces,

232 1182 368 1247 unicolor
389 1184 503 1266 plumis
526 1184 600 1263 ales,
623 1183 677 1246 sed
699 1184 782 1264 pinta
802 1182 954 1265 loquellis.

233 1304 315 1351 nuno
337 1289 449 1351 teretes
471 1290 553 1351 rotat
574 1287 629 1351 illa
650 1287 767 1366 modos,
790 1304 872 1349 nunc
895 1284 986 1349 sibila
1007 1286 1108 1369 longis

233 1391 316 1455 ducit
338 1394 428 1455 acuta
450 1392 544 1472 sonis,
566 1409 689 1455 rursum
712 1390 799 1473 quasi
821 1390 924 1454 flebile
946 1408 1071 1454 carmen

170 1501 210 1557 35
233 1495 356 1559 inchoat
380 1499 411 1559 et
432 1495 533 1559 subito
555 1495 735 1578 praecidens
757 1494 818 1558 fine
841 1494 1010 1577 querellam

232 1598 385 1663 adtonitas
408 1603 498 1680 rupto
521 1599 729 1662 modulamine
752 1598 864 1681 decipit
886 1615 984 1662 aures.

233 1702 286 1766 sed
308 1703 383 1766 mihi
405 1703 474 1786 iuge
497 1701 573 1768 fluet
594 1703 631 1766 de
654 1711 685 1766 te
707 1705 761 1767 tua
782 1703 891 1785 gratia
914 1700 1044 1767 OhrIste.

233 1809 389 1871 ettamen
413 1807 496 1871 illius
519 1807 596 1870 mihi
618 1806 762 1888 deprecor·
784 1804 866 1869 alitis
889 1806 988 1869 instar

231 1910 361 1975 donetur
382 1910 502 1974 uariare
525 1910 623 1974 modis
646 1915 677 1974 et
699 1914 789 1992 pactu
812 1909 976 1990 quotannis

168 2023 210 2078 40
232 2014 368 2078 carmina
389 2014 517 2078 mutatis
540 2031 600 2077 uno
622 2015 696 2077 licet
718 2031 768 2078 ore
790 2013 932 2095 loquellis

230 2136 381 2200 promere,
403 2117 542 2181 diuersas
565 2117 636 2198 quia
658 2135 780 2199 semper
801 2115 903 2200 gratia
924 2116 1010 2179 diues

232 2221 377 2285 materias
401 2221 487 2285 miris
510 2221 625 2284 domini
647 2220 814 2284 uirtutibus
835 2219 931 2298 addit,

231 2341 307 2408 quas
329 2325 404 2389 deus
427 2325 459 2388 in
482 2342 552 2388 caro
575 2324 715 2389 Christus
738 2324 838 2388 Felice
861 2324 1047 2405 frequentat,

231 2428 313 2493 clara
336 2428 501 2492 salutiferis
524 2428 617 2492 edens
641 2428 789 2492 miracula
811 2427 916 2510 sigule.

170 2540 209 2596 45
275 2532 428 2596 cernimus
451 2532 506 2596 illa
528 2532 610 2595 diem
634 2532 765 2614 spectari
789 2534 878 2595 sueta
899 2549 954 2613 per
976 2548 1112 2610 omnem,

232 2636 388 2718 ulpeream
411 2635 561 2715 subolem,
584 2654 692 2699 saeuos
715 2654 786 2698 cum
809 2635 974 2698 daemonas
997 2637 1088 2716 urget

231 2741 409 2822 occultaque
433 2758 526 2803 manu
549 2740 700 2803 clamosos
722 2738 866 2802 uerberat
887 2738 1008 2810 hostes;

232 2844 286 2908 sed
307 2847 412 2908 tamen
435 2843 493 2907 hac
515 2844 616 2926 ipsum
641 2843 753 2906 mirum
776 2842 892 2906 uirtute
914 2844 1048 2919 notatur,

173 3117 331 3188 asconpleti
342 3117 414 3188 D¹q
464 3120 497 3172 26
509 3132 584 3170 senna
596 3116 706 3169 seruasti
719 3116 804 3183 (serua
821 3132 888 3218 emp.⁸
892 3133 924 3169 m.
936 3115 965 3183 2)
983 3116 1013 3170 D
1063 3117 1097 3170 ’28
1114 3112 1201 3166 uerbis
1220 3114 1248 3167 1)

129 3230 214 3285 duleis
234 3232 264 3302 Q,
283 3229 371 3285 dulcia
387 3232 417 3286 D
470 3245 591 3283 sonorum
610 3230 636 3282 Β
688 3230 721 3284 29
739 3227 835 3297 uirIQ
884 3226 929 3280 uia
946 3225 968 3292 (⁸
981 3226 1095 3295 ΜΗ)
1147 3227 1180 3279 30
1198 3225 1247 3277 lin-

128 3333 210 3386 guam
232 3317 321 3386 quiQ
390 3319 423 3372 32
441 3315 490 3369 alis
508 3318 534 3370 Β
603 3313 712 3382 loquelis
731 3315 789 3368 ΒΕ
855 3316 887 3368 33
905 3315 976 3367 rotat
993 3312 1056 3380 BE,
1073 3314 1150 3379 rogat
1166 3312 1249 3380 ADQ

128 3403 180 3458 sibi
197 3402 346 3473 lougeisQ
414 3405 448 3457 34
466 3405 542 3455 acuta
560 3401 663 3470 entaQ
733 3403 765 3454 35
783 3400 889 3453 incohat
907 3400 936 3453 E
998 3397 1097 3467 subito]
1116 3398 1184 3450 sicut
1202 3399 1248 3451 Bo

128 3489 286 3562 praecedens
303 3491 361 3545 ΒΕ
421 3487 552 3557 querelam
570 3489 634 3556 BE,
652 3487 799 3554 quaerelam
818 3489 847 3541 I)
910 3487 942 3540 36
964 3488 1077 3538 attentas
1096 3486 1163 3539 coni.
1177 3485 1248 3538 Bor·

129 3605 203 3658 thius
254 3569 347 3672 rIcptoZ
365 3605 390 3657 A
437 3599 662 3669 ’modolamIneQ
714 3599 836 3668 decedQ
888 3601 922 3655 38
939 3598 987 3650 alis
1000 3601 1026 3652 B
1079 3600 1111 3653 39
1129 3596 1248 3650 modoso

128 3692 207 3759 pacta
224 3690 364 3758 quotannis
381 3688 537 3756 (quodannis
555 3688 593 3755 D)
616 3686 733 3755 ADEQ,
752 3691 878 3754 pactaque
897 3686 961 3740 mihi
980 3688 1015 3754 B,
1033 3685 1085 3737 iam
1104 3684 1170 3738 mihi
1187 3699 1248 3752 pac·

130 3788 191 3831 tao
244 3778 278 3831 lo
295 3775 405 3845 loquelis
423 3776 487 3841 DE,
505 3772 622 3843 paruulis
640 3775 674 3840 B,
693 3771 864 3828 Oamoeniso
914 3775 945 3826 41
967 3772 1125 3841 diumsaeQ
1181 3787 1248 3824 sem·

129 3879 176 3932 per
194 3880 243 3918 om.
255 3863 309 3932 Ao
360 3866 394 3917 44
412 3861 520 3914 miracla
540 3862 567 3914 Ε
617 3863 649 3913 45
668 3860 798 3912 cernimus
816 3859 935 3928 Arado,
954 3859 1037 3912 cernit
1055 3860 1089 3925 Β,
1107 3857 1248 3911 cerniturc

129 3948 205 4003 illam
222 3948 292 4002 diem
311 3951 345 4015 Β,
363 3947 410 4001 illa
428 3948 516 4002 dieso
567 3947 695 4014 expectari
714 3948 740 4000 B
797 3948 831 4000 46
849 3945 964 3999 sobolem
981 3946 1069 3999 BDE
1118 3960 1195 3997 senus
1214 3946 1248 4011 B,

130 4035 237 4105 sequ
305 4035 409 4089 demina
427 4038 516 4102 surget
534 4035 561 4088 B
616 4035 648 4087 47
669 4032 807 4101 clamosos]
827 4036 966 4100 cognoscet
982 4033 1017 4099 B,
1043 4048 1102 4086 cum
1121 4035 1207 4084 nosset
1225 4050 1248 4097 o,

131 4122 271 4176 damnosos
298 4124 364 4178 coni.
390 4121 530 4188 deceatne,
558 4136 709 4174 communes
735 4120 830 4187 anm,
857 4123 1009 4173 cunctantes
1036 4121 1103 4176 coaa'.
1124 4120 1248 4174 Dceoocs

130 4211 165 4266 48
183 4209 268 4278 ipsum
286 4208 377 4278 ΑΒΘ,
395 4209 452 4277 ipsa
468 4207 546 4263 BEo
598 4207 694 4261 mirum
712 4207 739 4259 ln
759 4207 807 4261 Eo

1048 4294 1094 4344 tt*
