2918 4664
231 259 293 324 206
558 278 584 332 S.
597 277 727 332 Paulini
746 277 864 332 Nolani
883 278 1025 348 episcopi

331 457 551 534 cernentesque
572 457 639 535 pari
661 454 874 536 splendentem
896 454 1015 518 lumina
1037 456 1116 536 uisu,

331 575 424 638 quem
446 575 543 639 paene
565 559 679 646 amisso
702 557 871 621 deformem
892 558 1026 622 uidimus
1053 577 1123 639 uno,

331 661 484 724 laetamur
505 663 595 725 tactis
618 661 676 725 hoc
699 661 813 742 sospite
835 662 929 726 fratre
951 662 1104 742 medullis,

333 783 424 846 quem
447 768 534 830 tanto
557 765 645 829 nobis
668 765 794 829 donauit
816 784 943 830 munere
967 766 1116 832 Christus.

133 864 135 869 ’
249 876 309 932 330
332 868 396 932 iure
419 869 515 932 oculis
537 869 620 932 hunc
642 887 738 952 aequo
762 870 849 950 meis,
872 870 1041 936 inlumina
1067 871 1153 934 ouius

331 972 443 1037 Felicis
466 990 576 1037 manus
598 973 631 1036 in
655 972 787 1054 Christo,
811 992 881 1038 mea
902 975 1010 1057 gloria,
1033 975 1139 1058 fulget.

333 1077 445 1141 oielix
468 1095 568 1157 casus,
590 1077 672 1141 bona
693 1079 832 1159 uulnera,
855 1078 942 1143 dulce
964 1079 1124 1163 periclum,

332 1199 387 1265 per
409 1181 490 1262 quod
512 1182 643 1265 coguoui
664 1199 715 1245 me
737 1199 842 1246 curam
865 1184 1009 1266 martyris
1033 1201 1110 1247 esse.

333 1284 410 1348 tanti
433 1302 565 1366 namque
587 1285 646 1349 fuit
668 1286 773 1350 lumen
796 1285 873 1350 mihi
894 1304 992 1371 paene
1014 1287 1141 1369 perisse,

249 1395 310 1449 335
333 1388 479 1452 ulmodo
502 1388 612 1452 Felicis
635 1389 671 1452 de
695 1408 822 1454 munere
844 1391 948 1454 lumen
970 1390 1127 1455 haberem.

724 1614 856 1678 XXllll.

268 1751 432 1816 Muaomvs
454 1752 609 1816 anumvs
632 1751 790 1817 Orrnmo
813 1774 925 1816 renum
946 1776 977 1816 m
1001 1753 1136 1818 Cumano
1162 1775 1311 1818 sauvrnu.

485 1908 708 1973 Martinianum
731 1909 840 1991 spiritu
861 1909 987 1974 fratrem
1012 1910 1085 1974 mihi

537 2031 659 2094 unaque
681 2031 864 2096 germanum
886 2013 956 2094 lide,

487 2135 579 2198 quem
601 2120 635 2180 tu
658 2117 778 2181 disertis
800 2120 981 2198 prosecutus
1002 2117 1125 2192 litteris,

537 2220 575 2283 ad
599 2238 653 2285 nos
676 2221 780 2285 uenire
803 2221 942 2300 miseras,

426 2333 444 2387 5
489 2341 571 2387 nunc
593 2324 644 2387 uir
667 2324 775 2388 salutis
797 2328 959 2408 conpotem
982 2324 1097 2388 factum
1122 2342 1206 2406 suae,

538 2427 659 2509 scriptis
682 2427 806 2491 inanem
828 2427 954 2510 perditis

489 2530 542 2594 sed
565 2531 703 2595 caritatis
727 2531 858 2595 indicem
880 2531 1006 2613 plenum
1033 2535 1104 2595 tuae

537 2639 574 2700 ut
595 2653 628 2699 oe
652 2638 741 2699 tuum
764 2635 966 2717 suscepimus,

488 2741 519 2802 et
541 2739 691 2804 ueriorem
713 2739 1012 2821 litteris‘epistolam

406 2852 445 2906 10
540 2842 577 2906 de
599 2842 687 2907 eorde
710 2843 864 2926 signatum
889 2846 952 2922 tuo,

489 2964 559 3010 cum
583 2950 613 3010 te
636 2947 764 3011 referret
785 2947 916 3030 spiritali
938 2947 1048 3026 littere,

540 3053 570 3114 et
591 3053 694 3114 mente
718 3053 749 3114 et
771 3067 843 3115 aure
866 3050 1006 3133 legimus

440 3144 442 3149 ’
489 3172 571 3217 nunc
593 3154 684 3219 ambo
706 3153 775 3218 neri
798 3154 836 3218 ad
858 3153 991 3218 inuicem
1014 3152 1135 3217 dextras
1158 3153 1267 3218 damus

279 3431 330 3485 326
346 3428 446 3482 lumine
464 3429 494 3482 E
565 3430 614 3483 337
631 3444 697 3496 pene
714 3428 772 3482 BE
842 3427 958 3482 deforme
975 3428 1002 3482 Β
1072 3429 1122 3483 338
1139 3429 1258 3495 1111111111,
1276 3429 1354 3481 tectis

236 3515 353 3583 ABDQ,
371 3516 434 3569 totis
450 3515 476 3582 (o
494 3517 526 3570 ic
541 3514 607 3583 ros.)
625 3515 655 3568 E
715 3515 812 3584 sospita
831 3516 866 3583 Β,
883 3514 985 3584 hospite
1003 3512 1133 3582 ABDQo
1196 3515 1246 3569 339
1264 3512 1352 3584 nobis]

237 3600 280 3656 ille
298 3601 374 3656 honis
392 3619 416 3669 o,
433 3601 518 3655 bonus
536 3601 628 3658 Socct.
681 3603 732 3656 330
749 3601 817 3654 hano
834 3597 888 3670 Δρ
939 3602 989 3656 334
1006 3616 1072 3669 poue
1089 3599 1172 3670 REQ
1226 3599 1354 3656 3311111-

237 3704 297 3743 nere
320 3687 438 3758 ADEQ,
464 3687 564 3742 lumine
587 3689 633 3743 Bo
718 3687 779 3741 linit
799 3687 894 3741 natalis
916 3687 968 3741 VII
983 3713 988 3725 ·
1002 3688 1037 3755 B,
1058 3685 1118 3740 finit
1140 3688 1233 3739 sertus.
1261 3685 1355 3755 incipit

237 3778 363 3845 septimus
381 3777 417 3830 D.

278 3861 392 3916 XXIIII.
412 3891 442 3901 -
460 3861 521 3917 Bo.
548 3861 641 3930 incipit
658 3860 691 3914 ad
710 3861 848 3915 eitherium
871 3860 1007 3931 (cyterium
1031 3859 1062 3927 0)
1084 3874 1162 3928 supra
1179 3862 1354 3912 memoratum

236 3948 291 4004 ΒΟ
336 3948 491 4003 CitherioB
543 3947 639 4001 christo
658 3946 750 4002 duom
802 3936 925 4016 salutem}
944 3947 993 4000 hoe
1010 3948 1094 3999 metro
1113 3944 1175 3998 suut
1193 3945 1237 3998 isti
1255 3961 1354 4010 uersus,

237 4034 323 4099 idest,
340 4035 467 4089 iambicus
483 4037 635 4089 tetrameter
645 4036 708 4090 odd.
721 4037 755 4102 B,
773 4033 900 4088 iambicus
913 4036 1042 4087 erameter
1054 4036 1080 4086 et
1091 4034 1241 4086 tetrameter
1252 4032 1316 4086 odd.
1333 4032 1356 4086 0

240 4121 465 4178 lmartinumO
524 4124 715 4190 3prosequtus
736 4122 763 4176 Β
821 4121 969 4176 liusseras
990 4122 1077 4176 Sedet.
1133 4121 1231 4175 'ltuae
1256 4136 1306 4173 om.
1328 4119 1355 4172 B

139 4223 140 4226 ’
239 4211 269 4267 11
288 4207 384 4263 referet
400 4209 427 4263 Β
480 4207 610 4278 spirituali
627 4209 654 4262 B
708 4210 739 4262 13
757 4223 827 4261 nunc
845 4209 912 4263 coci.
926 4209 1106 4270 lemmate,
1124 4208 1188 4258 tuuc
1205 4203 1279 4260 BOo
