2918 4664
514 358 639 398 carmen
655 341 768 408 xvim,
780 344 924 401 aee-454.

264 522 295 583 et
317 518 444 583 dubium
467 519 592 601 trepidis
615 517 828 602 conspectibus
850 523 921 584 adra
942 517 1077 585 turbant.

181 631 243 686 425
265 641 337 708 erge
359 624 418 688 iste
440 623 517 687 haec
538 623 610 687 licet
630 623 663 687 in
684 623 789 707 patule
812 622 871 688 sibi
892 625 1036 707 prompte
1056 623 1174 689 uideret

263 728 361 792 tutius
385 730 416 791 et
436 726 566 791 iuranda
588 726 656 808 sibi,
679 727 824 809 queniam
846 727 949 792 minus
972 730 1054 792 esset

264 830 401 896 criminis
424 834 454 895 et
475 831 566 912 pretii
587 848 769 913 suspensam
792 831 897 896 altaris
919 830 958 896 ab
981 848 1034 897 cra

262 935 382 1019 longius
404 937 591 1019 argentoque
613 935 714 999 lenem
737 934 902 1000 amandare
924 935 1092 1015 lucernam,

264 1038 319 1103 sed
339 1038 434 1102 miser
456 1038 637 1103 ambitiosus
661 1042 692 1102 et
713 1039 781 1121 ipsa
802 1039 835 1103 in
856 1038 962 1103 fraude
985 1038 1135 1122 superbus

180 1151 241 1205 430
263 1145 423 1224 tamquam
445 1142 507 1206 nile
528 1142 616 1207 nefas
639 1145 785 1226 argentea
807 1161 928 1207 sumere
950 1143 1032 1207 furtu

263 1247 381 1329 spreuit
402 1249 433 1310 et
454 1246 602 1311 audacem
622 1247 756 1328 perrexit
776 1247 809 1318 in
830 1264 923 1311 aurea
944 1248 1093 1327 dextram,

263 1367 341 1433 quae
363 1350 456 1415 simul
479 1369 495 1414 e
517 1350 610 1415 uariis
634 1351 709 1415 scite
731 1350 876 1417 distincta
896 1350 1008 1433 lapillis

262 1454 395 1535 uiderat,
414 1457 446 1519 et
467 1455 587 1538 magnis
609 1453 734 1519 inflarat
753 1457 877 1537 pectere
899 1454 990 1535 netis,

262 1562 296 1623 nt
317 1559 430 1642 pariter
452 1559 584 1643 gemmis
605 1558 753 1643 gauderet
774 1557 861 1623 diues
884 1561 914 1622 et
936 1575 1019 1622 aure.

179 1669 239 1726 435
263 1662 318 1727 sed
339 1666 462 1727 tantum
485 1663 608 1727 sceleris
631 1662 737 1746 magni
759 1662 933 1727 cumulatus
955 1661 1059 1744 iniquo

260 1768 394 1850 pendere
414 1771 539 1849 peccate
562 1767 678 1831 mansit
699 1766 803 1853 grauis
826 1770 857 1831 et
878 1766 955 1831 leuis
979 1783 1062 1840 aere;

261 1870 445 1954 sacrilegum
467 1889 524 1935 sua
544 1888 643 1954 poena
664 1873 778 1951 manet,
802 1887 857 1934 sua
879 1869 992 1952 praeda
1012 1870 1166 1934 latronem

261 1974 405 2038 desernit.
429 1974 527 2064 spelic
548 1974 632 2054 furti,
654 1991 717 2038 nen
739 1974 864 2038 crimine
886 1972 986 2038 nudus

261 2079 340 2144 uiuit
360 2079 449 2162 ineps
472 2079 583 2160 fructu,
607 2079 661 2142 sed
681 2078 809 2142 uulnere
831 2077 947 2142 nands
970 2076 1139 2141 abundans.

179 2190 239 2244 440
262 2200 449 2265 quamquam
471 2182 560 2247 illum
582 2200 644 2247 nen
666 2182 723 2247 hec
744 2200 857 2265 magne
880 2182 947 2246 sine
968 2181 1095 2246 numine
1118 2179 1229 2245 Christi

260 2287 446 2369 consilioque
467 2291 574 2370 putem
596 2286 782 2370 permissum
805 2287 922 2352 crimen
944 2286 1054 2366 adisse,

259 2394 303 2471 nt,
326 2392 399 2474 quie
419 2392 478 2456 uei
493 2393 655 2474 quiequam
678 2391 715 2455 de
738 2392 831 2456 sacris
854 2391 961 2456 tollere
982 2389 1075 2454 rebus

258 2497 362 2559 mente
384 2495 559 2577 recepisset,
582 2496 734 2560 sineretur
756 2495 794 2559 ad
815 2495 870 2559 ille
891 2495 1007 2575 uenire,

257 2599 290 2663 in
312 2597 423 2681 quibus
446 2598 573 2663 admissi
594 2599 726 2683 inpietas
748 2598 898 2682 insignior
920 2601 1011 2663 esset.

177 2708 236 2764 445
300 2705 372 2766 ante
394 2702 459 2766 dies
481 2719 594 2786 paucos
616 2702 699 2765 idem
722 2701 902 2784 confugerat
922 2701 996 2766 illuc

258 2806 402 2870 militiam
424 2806 573 2871 simulans
595 2806 700 2890 fugere
724 2808 755 2869 et
778 2809 939 2888 susceptus
962 2805 1060 2869 amice

257 2911 368 2992 hospes
391 2909 429 2974 ab
452 2910 581 2974 aedituis
604 2927 724 2974 sacram
746 2910 923 2974 curantibus
946 2910 1058 2974 aulam.

257 3017 322 3078 tete
344 3032 441 3097 paene
463 3015 563 3079 latens
585 3013 639 3078 ubi
661 3032 767 3078 mense
790 3014 904 3079 cubilia
925 3031 1048 3078 somnes

257 3122 396 3201 tempera
417 3118 580 3183 custodum
602 3118 694 3182 simul
717 3118 927 3200 explerauerat
950 3121 981 3182 et
1003 3135 1074 3182 cum

175 3228 235 3284 450
258 3222 388 3305 cepisset
409 3223 538 3305 placitae
561 3222 699 3287 meditati
720 3222 856 3286 criminis
878 3221 979 3302 115155,

256 3329 345 3390 necte
368 3322 454 3390 nefas
476 3327 569 3391 tacita
591 3327 719 3409 arripuit
741 3327 884 3408 nulleque
906 3326 1010 3391 labere

255 3448 313 3493 1155
335 3430 466 3513 strepitu
487 3430 603 3494 foribus
626 3431 738 3494 clausis
760 3430 896 3495 inclusus
918 3433 954 3494 nt
976 3449 1055 3495 unns

256 3536 444 3614 seruantum,
468 3532 578 3617 quibus
601 3535 712 3617 hospes
736 3537 810 3614 erat,
833 3534 947 3616 primes
970 3533 1024 3597 ubi
1046 3551 1169 3598 somnes

256 3655 317 3702 nen
339 3637 449 3721 uigiles
472 3638 582 3721 uigiles
605 3657 731 3720 coepere
754 3637 915 3703 silentibus
938 3637 1057 3703 umbris

195 3846 246 3900 425
275 3845 325 3898 iste
346 3844 411 3899 haec
435 3846 540 3915 55νί554,
566 3845 666 3899 isthaec
689 3846 724 3913 Ε,
750 3831 816 3898 istae
842 3846 878 3913 D,
906 3845 955 3899 iste
977 3846 1012 3914 A,
1039 3845 1089 3899 iste
1115 3860 1177 3914 ergo
1195 3846 1269 3900 Meu.

155 3932 203 3986 427
225 3929 258 3985 eb
281 3930 306 3998 (ο
328 3933 359 3986 45
379 3949 433 3987 rae.
451 3951 483 3986 55.
501 3933 528 4000 2)
550 3932 580 3986 D
647 3934 698 3987 428
716 3931 856 3985 amandare
873 3933 941 3988 ccci.
954 3933 1052 4001 Miap,
1073 3931 1199 3985 mandere
1216 3933 1270 3999 D¹,

155 4017 291 4072 emendare
309 4017 392 4087 AD‘,
410 4018 550 4072 emandare
569 4018 598 4072 D
664 4009 830 4087 430'nepnas
849 4019 879 4072 E
893 4025 918 4073 ct
934 4020 1017 4087 infra.
1082 4021 1132 4074 432
1150 4035 1164 4072 e
1183 4020 1217 4087 E,
1235 4021 1269 4083 et,

154 4104 209 4160 AD
260 4105 312 4161 435
330 4104 477 4160 cumulatus
493 4106 558 4173 AD,
576 4104 769 4160 summeturE
815 4107 867 4162 438
885 4105 1017 4160 fertiAD
1067 4108 1116 4160 441
1137 4105 1269 4171 adisseE,

153 4190 242 4247 adessa
260 4193 318 4247 AD
375 4194 427 4250 448
444 4208 509 4261 pene
526 4193 557 4247 Ε
605 4190 651 4246 11111
668 4194 703 4261 A,
721 4190 759 4246 ibi
776 4192 836 4247 DE
893 4195 943 4248 450
962 4193 1088 4261 coepisset
1105 4194 1162 4249 AD
1211 4192 1269 4261 pla-

154 4277 218 4333 citas
235 4279 318 4348 Mera,
335 4277 447 4347 placitus
465 4280 530 4348 AD,
546 4279 663 4348 placidas
681 4280 711 4333 E
759 4281 810 4334 454
828 4294 933 4347 caepere
950 4280 1007 4333 AD
