2918 4664
479 264 505 318 S.
517 263 647 319 Paulini
665 263 787 318 Nolani
802 263 947 333 episcopi

660 493 757 558 XXV.

261 648 431 715 Concordes
454 651 574 715 animae
596 654 681 715 casto
703 648 858 715 sociantur
880 665 993 729 amore,

311 754 398 839 uirgo
419 773 495 839 puer
518 753 641 835 Christi,
664 753 751 838 uirgo
773 753 877 838 puelle
899 752 957 817 dei.

261 857 381 923 Christe
404 858 489 940 deus,
510 858 623 942 pariles
646 857 705 922 duc
727 856 766 922 ad
787 860 842 921 tua
862 856 950 921 frena
972 854 1128 920 columbas

312 965 343 1026 et
363 962 521 1044 moderare
541 961 604 1026 leui
626 960 749 1026 subdita
770 961 849 1025 eolla
870 959 950 1044 iugo.

199 1073 216 1127 o
260 1083 394 1148 namque
421 1068 510 1130 tuum
535 1065 615 1146 leuc,
643 1063 774 1145 Ohniste,
800 1065 908 1148 iugum
936 1065 993 1144 est,
1023 1062 1103 1144 quod
1128 1065 1278 1144 prompta

916 1167 1059 1232 uoluntas

311 1272 440 1357 suscipit
461 1276 493 1338 ct
514 1272 598 1343 facili
619 1272 681 1338 fert
702 1289 788 1337 amor
810 1271 966 1354 obsequio.

260 1375 368 1441 inuitis
390 1377 498 1461 grauis·
517 1381 565 1442 est
587 1379 689 1442 castae
711 1378 763 1462 pia
784 1377 904 1441 sarcina
924 1375 1013 1459 legis,

312 1481 400 1561 dulce
421 1482 480 1565 piis
503 1500 580 1548 onus
603 1484 652 1547 cst
672 1482 794 1546 uincere
816 1481 916 1545 carnis
939 1497 1024 1563 opus.

262 1584 345 1649 absit
366 1584 404 1649 ab
426 1583 502 1671 <his>
522 1586 667 1652 thalamis
689 1586 763 1651 ueni
783 1584 913 1650 lasciuia
934 1583 1030 1667 uulgi,

178 1696 217 1751 10
311 1687 388 1753 Iuno
412 1688 528 1774 Cupido
550 1690 668 1771 Venus,
691 1689 818 1754 nomina
838 1688 984 1753 luxuriae.

138 1879 142 1888 .
262 1795 370 1856 saneta
392 1793 558 1858 sacerdotis
580 1793 755 1859 uenerando
776 1793 905 1877 pignore
925 1794 1015 1876 paeto

312 1897 496 1981 iuunguntur3
519 1900 628 1963 coeant
650 1916 709 1983 pax
729 1897 828 1983 pudor
850 1899 881 1961 et
902 1899 1010 1982 pietas.

263 2021 337 2067 nem
358 2002 483 2085 pietatis
506 2020 592 2068 amor
615 2003 709 2068 simul
731 2005 778 2068 est
800 2005 831 2067 et
852 2001 966 2067 amoris
988 2001 1132 2065 honestas

312 2125 431 2192 paxque
453 2107 509 2172 deo
532 2124 656 2171 concors
680 2107 790 2190 copula
811 2105 953 2190 coniugii.

145 2228 153 2243 ‘¹
179 2220 217 2275 lo
261 2211 391 2277 foederis
413 2210 505 2275 huius
528 2228 604 2295 opus
626 2210 748 2294 proprio
770 2210 846 2275 deus
869 2227 920 2275 ore
944 2207 1077 2274 sacrauit

314 2315 478 2398 diuinaque
500 2333 595 2380 manu
614 2333 671 2398 par
692 2314 852 2380 hominum
875 2315 992 2380 statuit.

263 2438 382 2503 quoque
403 2419 598 2484 indiuiduum
619 2418 719 2503 magis
743 2419 919 2503 adsignaret
941 2436 1087 2498 amorem,

314 2543 350 2589 ex
372 2542 435 2589 uua
454 2523 528 2588 fecit
549 2541 640 2588 carne
662 2541 787 2588 manere
810 2522 894 2588 duos

263 2647 336 2694 nam
359 2629 475 2712 sopitus
497 2628 600 2693 Adam
622 2631 708 2693 costa
728 2628 866 2711 priuatus
890 2627 1034 2711 adempte
1056 2629 1104 2689 est

180 2742 219 2797 20
314 2751 445 2816 moxque
468 2750 523 2798 suo
544 2734 659 2800 factam
684 2732 816 2816 sumpsit
838 2731 876 2796 ab
899 2749 968 2797 osse
989 2747 1105 2814 parem,

264 2855 321 2902 nco
342 2836 447 2902 leteris
470 2836 619 2902 damnum
641 2835 783 2921 supplete
804 2853 896 2900 carne
918 2834 1056 2899 uicissim

314 2941 411 3006 sensit
433 2943 464 3005 et
485 2940 613 3025 agnouit
633 2940 713 3024 quod
735 2940 911 3025 geminatus
934 2943 1012 3014 erat;

264 3063 358 3128 seque
381 3044 476 3109 alium
499 3063 534 3109 en
556 3063 624 3110 seso
646 3044 752 3110 sociali
773 3044 805 3108 in
828 3062 952 3128 corpore
974 3060 1102 3108 cernens

315 3150 382 3233 ipse
402 3149 551 3232 prophete
573 3150 621 3215 eui
643 3166 713 3214 mon
735 3149 796 3213 fuit
817 3167 868 3215 ore
890 3166 979 3214 nouo.

260 3321 288 3390 5]
306 3320 410 3390 (Metth.
424 3323 465 3386 11,
477 3321 528 3390 30).
582 3320 625 3391 19]
643 3320 719 3389 (Gen.
732 3324 757 3387 2,
775 3321 826 3391 21).

201 3485 281 3540 XXV.
308 3504 348 3557 ps.
377 3515 409 3525 —
435 3485 529 3555 incipit
551 3485 722 3555 epithalamii
743 3503 759 3540 a
779 3485 829 3540 sio
844 3485 950 3555 paulino
973 3485 1073 3539 dietum
1095 3485 1124 3538 in
1146 3484 1280 3539 iulianum

158 3571 243 3626 filium
265 3572 331 3642 epici
354 3572 477 3626 memoris
499 3574 526 3626 et
543 3572 630 3627 titiam
652 3571 800 3626 clarissima
818 3572 917 3626 femini
938 3588 1044 3626 uxorem
1066 3571 1121 3624 eius
1139 3588 1164 3640 q,
1181 3570 1282 3642 incipit

159 3659 357 3728 epithalamium
384 3675 399 3712 a
426 3658 474 3712 sco
491 3659 598 3729 paulino
620 3658 721 3714 dictum
742 3659 772 3713 in
793 3658 922 3714 iulianum
939 3658 1024 3713 filium
1051 3658 1125 3728 epyei
1151 3659 1281 3713 memoris

158 3748 185 3800 et
202 3746 291 3800 titiam
308 3745 482 3801 clarissimam
498 3745 625 3800 feminam
642 3746 865 3810 uxoremeiuss
896 3745 1087 3815 lsotianturq
1136 3745 1283 3816 3pa1iliq

159 3830 307 3888 coluubass
359 3831 531 3904 otacilisqm
548 3850 595 3888 em.
609 3833 697 3889 Sctot.
749 3833 906 3904 ‘linuitusq
957 3832 1022 3902 spii
1040 3849 1143 3888 sonuss
1196 3831 1280 3903 9ab]

160 3911 222 4000 des
298 3945 340 3999 his
359 3946 456 4013 Sciet,
474 3963 523 4002 om.
536 3962 586 4015 qe
646 3945 745 4000 lasciue
762 3946 793 4016 q¹
870 3945 958 4014 uulgi]
976 3945 1068 4000 uanis
1147 3946 1296 4011 nomene-p

159 4030 280 4102 randaq
368 4035 478 4102 peotos
565 4035 596 4089 12
618 4032 775 4102 iungiturp
862 4032 1030 4101 laqueoque
1052 4049 1098 4102 pa·
1119 4048 1166 4086 eso.
1187 4014 1297 4108 Scio&

161 4120 192 4174 18
205 4116 294 4174 duesa
344 4121 379 4175 20
391 4135 476 4189 osseq
528 4122 559 4175 21
579 4119 770 4190 dampnumqs
821 4135 925 4190 ceuuep
976 4122 1009 4175 22
1028 4118 1098 4187 quod
1115 4104 1294 4203 geminatus]-¹

159 4220 211 4258 nou
229 4205 363 4274 genituss
1265 4222 1269 4229 '
