2918 4664
486 283 512 340 S.
524 283 656 344 Paulini
673 283 790 339 Nolani
808 281 955 354 episcopi
1070 297 1073 303 ·

464 460 578 525 uirtute
600 460 701 525 nudus
723 451 849 544 5555155.

413 563 536 638 Samuel
558 565 591 629 in
613 564 674 629 ista
694 567 782 649 parte
806 564 855 644 sit,
879 581 940 645 qua
960 563 1092 649 iugiter,

310 675 369 731 500
465 671 590 732 5555555
612 686 712 751 neque
734 667 852 732 aeeisus
875 684 997 732 eomam

412 790 466 854 per
487 775 554 836 teta
574 772 657 836 uitae
678 774 818 853 tempera
838 771 963 854 1555550
985 788 1108 835 saeuum

463 878 603 959 pertexat
624 893 736 940 aenum
759 874 892 939 stamine

413 982 444 1043 et
466 979 642 1044 inchoatam
664 979 811 1043 seruitute
833 978 997 1043 infantiam

463 1101 561 1164 nsque
584 1081 623 1145 56
645 1086 802 1146 senectam
825 1081 969 1165 pensitet.

308 1193 368 1249 595
412 1186 530 1250 5555655
550 1183 702 1250 Amalech
725 1188 757 1250 et
777 1185 827 1268 pie
849 1202 960 1252 saeuus
982 1186 1039 1249 deo

461 1292 589 1371 5555555
610 1289 711 1353 earnis
732 1288 884 1370 immolet,

412 1391 522 1475 quibus
545 1392 711 1475 peremptis
733 1391 884 1456 interierit
905 1390 1043 1470 rabulus,

462 1495 580 1560 inuisus
603 1497 761 1561 aeternum
784 1495 850 1559 den.

412 1598 485 1664 Saul
506 1600 539 1663 in
561 1598 618 1663 100
641 1599 765 1664 definiat
786 1604 818 1664 et
838 1601 948 1682 regnet
970 1598 1085 1671 Dauid;

308 1711 368 1765 500
462 1702 593 1785 pusillus
615 1703 713 1768 altum
735 1702 883 1783 destruat,

411 1808 529 1871 utnon
551 1806 592 1870 sit
613 1805 696 1871 altus
719 1806 829 1890 spiritu
851 1805 1014 1891 superbiae

462 1926 519 1974 nee
540 1909 654 1973 liuidus
677 1910 734 1974 reli
757 1910 849 1989 malo,

327 2035 329 2040 ·
411 2013 465 2078 sed
487 2012 576 2079 eorde
598 2014 628 2076 in
652 2013 761 2077 humili
783 2014 866 2078 55155
887 2014 1039 2078 uirtutum
1062 2032 1172 2098 gerens

462 2117 609 2182 55555655
631 2117 662 2181 in
684 2117 772 2201 regni
794 2118 949 2198 threnum,

309 2229 368 2284 005
413 2224 444 2285 55
465 2220 519 2285 illa
540 2219 648 2286 Samso
670 2223 769 2305 gesta,
792 2238 871 2304 qnae
892 2220 995 2304 priora
1017 2224 1099 2301 sunt,

462 2326 617 2405 sequetur,
640 2326 674 2388 ut
696 2327 793 2388 restes
817 2342 913 2389 nenas

411 2447 467 2493 eeu
488 2427 542 2493 fila
562 2431 697 2510 rumpat,
719 2446 776 2493 nee
797 2428 889 2493 fidem
911 2428 1022 2512 prodat
1043 2446 1143 2511 suam,

462 2552 500 2598 ne
521 2533 631 2617 perdat
651 2533 783 2616 ignauus
805 2550 935 2596 5055555.

411 2635 535 2702 eiinitns
558 2654 686 2721 eperum
708 2636 825 2700 uiribus
846 2636 1036 2718 eaelestium,

307 2748 367 2803 510
461 2742 622 2825 praetenta
643 2742 766 2822 rumpet
783 2739 918 2820 uincula,

411 2844 497 2926 pales
519 2843 638 2927 refiget,
661 2843 745 2907 mille
767 2845 941 2928 5505555555
961 2842 1043 2907 uires

462 2964 525 3011 555
546 2947 689 3011 subantes
712 2946 845 3027 6555555,

410 3050 484 3132 quia
504 3053 611 3115 nostra
631 3050 730 3115 uirtus
753 3053 785 3114 et
805 3053 898 3135 eaput
920 3048 1060 3115 Christus
1082 3049 1167 3128 dens,

463 3154 515 3235 qui
538 3153 661 3219 dextera
683 3157 714 3218 et
734 3154 833 3218 uirtus
856 3153 905 3217 dei
928 3156 989 3227 est3

309 3266 368 3321 615
414 3256 479 3321 eius
501 3259 641 3340 petentes
663 3257 748 3321 mille
771 3261 946 3340 serpentem
968 3256 1044 3322 dolis

461 3377 516 3424 505
539 3360 735 3445 adpetentem
757 3359 919 3425 uincimus.

411 3464 561 3530 sitientis
584 3466 687 3529 anima
706 3464 895 3535 mortificans
918 3464 1039 3528 asinum
1062 3482 1163 3544 sunm,

200 3690 250 3745 589
268 3686 359 3742 Samul
379 3687 469 3745 0051.
481 3689 513 3744 in
523 3705 574 3758 555.
652 3690 703 3745 596
720 3687 874 3743 seruitutem
892 3687 1004 3743 infantia
1020 3689 1087 3744 ceni.
1100 3688 1278 3744 Zeetmeister

158 3776 208 3829 595
226 3773 324 3828 55555155
341 3775 396 3831 ΒΟ
446 3777 496 3831 597
514 3774 645 3828 interierit
661 3776 767 3844 scripsi,
784 3774 877 3840 interit
893 3774 973 3843 BOe,
992 3774 1082 3829 interit
1099 3789 1201 3842 qnoque
1218 3773 1276 3831 001.

158 3861 207 3916 599
225 3876 303 3930 regne
324 3862 347 3916 0
432 3863 482 3917 666
500 3859 577 3915 eunde
594 3861 622 3914 in
639 3860 735 3915 humili
751 3862 856 3931 seipsi,
877 3860 973 3915 humili
991 3860 1076 3915 eordis
1093 3859 1155 3928 ΒΟ,
1172 3859 1276 3915 humile

157 3946 242 4000 cordis
259 3964 284 4015 v,
300 3945 396 4000 humili
413 3946 490 4001 eorde
511 3946 566 4004 Cel.
618 3949 670 4003 664
686 3946 804 4002 aseendit
820 3947 848 4001 B
899 3949 1004 4001 tronum
1022 3948 1049 4002 B
1100 3949 1150 4002 695
1169 3962 1276 4017 sumpse

160 4032 190 4102 0,
208 4048 346 4089 samsone
402 4035 451 4090 611
470 4032 562 4102 refiget
579 4033 674 4103 Reate„
692 4032 785 4102 refiget
802 4035 829 4087 et
845 4033 920 4090 BOv
977 4036 1027 4090 614
1045 4032 1135 4087 dextra
1151 4033 1178 4087 B
1232 4032 1276 4087 dei

156 4122 184 4173 55
200 4119 285 4174 uirtus
295 4120 323 4176 B
375 4122 425 4178 615
437 4120 492 4175 eius
507 4120 623 4191 potantis
634 4120 695 4189 Bo,
713 4121 811 4175 uirtute
829 4120 938 4188 551555,
955 4120 983 4174 ui
1001 4121 1055 4174 eins
1072 4110 1191 4189 petentes
1204 4122 1276 4176 ceni.

155 4207 330 4263 Zeeiruteieter
380 4205 515 4263 milemO
566 4209 615 4264 617
634 4207 700 4263 siO
