2918 4664
154 271 217 342 150
355 332 357 336 .
482 284 951 356 susurrnruorsnseprsoopr

254 463 478 546 increpitatque
499 480 602 528 moras
625 481 732 529 omnes
754 467 786 529 et
807 462 897 528 tarda
917 480 1043 528 suorum

174 576 233 632 105
256 565 411 650 obsequia
435 566 547 632 adferri
567 584 696 651 porcum
717 571 859 651 totasque
881 567 967 633 iubet
987 583 1059 631 mox

254 664 439 755 pauperibus
460 670 546 736 reddi
566 675 680 755 partes,
703 670 762 736 sibi
782 673 887 736 uiuere
907 673 1029 736 mutum
1120 713 1122 718 ·

256 774 379 839 concedi
400 775 479 858 petit
499 778 590 858 atque
612 776 738 858 inopum
761 774 950 841 saturamine
971 772 1067 859 pasci.

255 877 396 944 certatim
418 878 493 943 socii
514 879 574 944 cito
595 879 680 944 iussa
701 878 803 944 fidelia
824 881 942 945 curant.

255 983 316 1047 itur
338 981 376 1046 ad
398 981 565 1065 hospitium
587 986 706 1065 notum,
729 983 890 1067 deponitur
911 982 973 1048 illic

175 1094 235 1151 200
259 1084 380 1150 sarcina
400 1085 549 1167 iumento,
571 1104 679 1153 carnes
701 1087 733 1152 in
754 1086 868 1152 frustra
890 1088 1032 1152 secantm

259 1191 291 1253 et
312 1189 411 1255 diuisa
432 1190 536 1272 coquit
557 1190 773 1275 spumantibus
794 1192 874 1276 ignis
897 1191 991 1255 55515.

257 1296 344 1360 55515
364 1293 559 1378 inportantur
579 1295 694 1378 patulis
716 1312 881 1361 numerosa
902 1293 1023 1360 catinis.

259 1401 434 1463 exsaturata
454 1397 553 1465 fames
575 1400 699 1483 inopum
721 1399 877 1483 gratantia
900 1398 1001 1464 reddit

259 1500 355 1566 uerba
376 1502 433 1567 deo
455 1506 487 1566 51
508 1503 630 1567 ueniam
653 1503 732 1586 petit
753 1506 789 1568 ut
809 1503 932 1588 placata
953 1501 1059 1568 datori.

177 1613 237 1670 205
260 1596 317 1670 uec
338 1623 434 1687 mora,
457 1605 618 1671 confestim
641 1607 705 1672 uoti
725 1606 845 1673 ratione
869 1605 972 1673 soluta

260 1707 377 1774 debitor
398 1709 450 1774 ille
471 1710 555 1775 intus
574 1711 704 1775 meritae
726 1728 862 1796 conpage
884 1713 1010 1775 catenae

260 1812 390 1878 soluitur
411 1812 593 1897 etpedibus
616 1814 739 1880 domino
760 1814 927 1880 miserante
948 1812 1072 1878 refectis

260 1919 419 1999 tamquam
441 1917 519 1982 liber
542 1935 637 2000 equus
660 1919 710 1983 uel
730 1914 831 2001 ruptis
854 1915 993 1983 cassibus
1015 1917 1080 1982 alos

261 2020 363 2085 euolat
385 2022 417 2084 51
437 2021 522 2086 cerui
543 2021 681 2095 salientis
703 2021 839 2106 imagine
860 2021 963 2086 currit.

179 2131 240 2186 210
305 2123 384 2189 mira
404 2123 480 2190 fides
503 2125 598 2190 oculis
621 2125 807 2191 obtenditur.
831 2125 936 2190 omnia
956 2124 1093 2210 gaudent

261 2230 326 2292 tam
348 2228 431 2293 facili
452 2229 565 2312 pietate
587 2229 635 2293 dei
656 2232 840 2312 tantumque
861 2229 979 2294 ualouti

262 2330 370 2396 Felicis
393 2332 511 2414 merito,
526 2336 569 2399 ut
588 2350 693 2398 coram
714 2333 795 2398 adsit
816 2331 956 2399 cbristus
978 2333 1011 2397 iu
1032 2332 1095 2412 illo,

262 2452 317 2520 pro
340 2436 458 2502 meritis
481 2436 642 2515 hominum
665 2436 828 2502 moderans
849 2437 882 2501 iu
903 2439 1033 2519 utroque
1054 2438 1206 2519 potenter,

263 2543 298 2605 ut
318 2541 511 2624 resipiscenti
531 2541 668 2606 medicus
691 2541 733 2607 sit
755 2544 787 2606 et
807 2540 889 2606 ultor
908 2539 1023 2623 iniquo.

181 2652 241 2707 215
264 2643 379 2709 cernite
402 2645 495 2726 enim,
517 2648 650 2727 quantae
671 2644 729 2710 brit
749 2645 805 2710 1115
825 2643 936 2709 iniuria
957 2642 1083 2724 fraudis,

265 2765 325 2829 qua
345 2746 440 2813 miser
461 2748 514 2813 1115
535 2749 620 2831 prius
643 2748 791 2814 diuiserat
811 2749 892 2813 inter
914 2750 1040 2832 egentes
1197 2736 1202 2743 ’

265 2869 358 2934 seque
380 2869 468 2916 suem
490 2855 582 2935 atque
603 2852 682 2934 15115,
704 2852 758 2917 ubi
779 2854 880 2917 totum
901 2851 1027 2916 reddere
1048 2852 1155 2914 uotum

267 2954 423 3036 debuerat,
446 2956 546 3020 solum
568 2959 662 3039 caput
682 2955 889 3038 intestinaque
910 2953 995 3038 porci

267 3061 423 3142 carpserat
445 3062 477 3124 et
497 3060 650 3143 reliquam
671 3061 735 3125 toto
758 3058 816 3123 sibi
837 3074 962 3142 corpore
983 3060 1102 3142 partem

185 3170 247 3226 220
269 3162 385 3226 fecerat
404 3161 570 3245 inprudens
593 3166 686 3245 atoue
706 3160 863 3246 inprobus,
886 3164 919 3226 et
939 3164 1044 3247 tanum
1065 3160 1142 3244 ipsa,

267 3284 328 3349 qua
349 3266 444 3331 miser
466 3267 619 3349 extiterat,
641 3266 741 3332 iactus
763 3282 834 3331 mox
852 3264 962 3331 ¹fraude
982 3264 1092 3330 beatus

203 3430 205 3438 ,
267 3374 475 3436 commutante
497 3371 553 3436 deo
574 3371 697 3454 pietatis
719 3368 846 3435 uerbere
869 3369 1000 3453 culpam.

207 3505 208 3509 =
269 3474 340 3539 talis
363 3475 445 3538 enim
467 3492 597 3539 censura
619 3473 667 3538 dei
689 3476 747 3554 est,
770 3473 815 3538 sic
836 3475 988 3555 temperat
1010 3467 1065 3536 alti

267 3577 403 3660 pondera
422 3577 525 3643 iudicii
546 3577 621 3641 deus
644 3576 757 3652 arbiter
779 3580 811 3642 et
831 3579 919 3660 pater
941 3578 973 3640 et
993 3594 1056 3656 rer,

213 3837 461 3940 194¹inorepitat⁹⁸r⁸u
521 3872 571 3926 200
588 3868 689 3924 frustra
706 3870 733 3923 A
784 3867 924 3924 ablaunis
942 3885 992 3924 om.
1011 3868 1037 3921 A
1088 3865 1204 3937 lymphis
1220 3881 1283 3935 spu-

169 3955 303 4010 mantibus
320 3955 389 4026 iguie
407 3958 482 4012 11105.
546 3957 597 4012 203
614 3951 749 4010 exaturata
767 3955 797 4009 E
856 3952 982 4011 famisD
1042 3955 1093 4007 206
1111 3966 1237 4020 compago
1255 3953 1287 4007 m

168 4044 220 4099 208
242 4041 344 4096 casibus
365 4044 392 4097 A
459 4040 659 4100 2111551151)
726 4042 777 4097 212
800 4039 865 4095 assit
887 4040 919 4095 E
987 4037 1283 4106 2151511Μο5.,555.

170 4128 234 4197 AD,
258 4128 293 4182 sit
313 4123 342 4183 11
397 4126 526 4186 21115115
545 4129 576 4183 E
629 4130 679 4186 210
699 4126 827 4196 reliquam
847 4126 883 4194 Ε,
906 4123 1036 4194 reliquum
1056 4124 1113 4180 AD
1169 4117 1220 4182 223
1243 4127 1285 4180 est

169 4216 376 4272 wmAmd
816 4227 817 4230 ’
