<?xml version="1.0" encoding="UTF-8"?>
<!DOCTYPE html PUBLIC "-//W3C//DTD XHTML 1.0 Transitional//EN"
    "http://www.w3.org/TR/xhtml1/DTD/xhtml1-transitional.dtd">
<html xmlns="http://www.w3.org/1999/xhtml" xml:lang="en" lang="en">
 <head>
  <title>
</title>
<meta http-equiv="Content-Type" content="text/html;charset=utf-8" />
  <meta name='ocr-system' content='tesseract 3.04.00' />
  <meta name='ocr-capabilities' content='ocr_page ocr_carea ocr_par ocr_line ocrx_word'/>
</head>
<body>
  <div class='ocr_page' id='page_1' title='image "./sanctipontiimer00paulgoog_0284.png"; bbox 0 0 2918 4664; ppageno 0'>
   <div class='ocr_carea' id='block_1_1' title="bbox 525 303 938 393">
    <p class='ocr_par' dir='ltr' id='par_1_1' title="bbox 525 303 938 393">
     <span class='ocr_line' id='line_1_1' title="bbox 525 303 938 393; baseline 0 -35"><span class='ocrx_word' id='word_1_1' title='bbox 525 319 651 358; x_wconf 76' lang='lat' dir='ltr'><strong>carmen</strong></span> <span class='ocrx_word' id='word_1_2' title='bbox 669 303 783 369; x_wconf 83' lang='lat' dir='ltr'>xxrffl,</span> <span class='ocrx_word' id='word_1_3' title='bbox 795 306 938 393; x_wconf 83' lang='grc'><strong>767-768.</strong></span> 
     </span>
    </p>
   </div>
   <div class='ocr_carea' id='block_1_2' title="bbox 427 463 1107 563">
    <p class='ocr_par' dir='ltr' id='par_1_2' title="bbox 427 463 1107 563">
     <span class='ocr_line' id='line_1_2' title="bbox 427 463 1107 563; baseline -0.001 -19"><span class='ocrx_word' id='word_1_4' title='bbox 427 484 458 545; x_wconf 92' lang='lat' dir='ltr'><strong>et</strong></span> <span class='ocrx_word' id='word_1_5' title='bbox 481 484 553 546; x_wconf 84' lang='lat' dir='ltr'><strong>turre</strong></span> <span class='ocrx_word' id='word_1_6' title='bbox 576 480 614 545; x_wconf 83' lang='lat' dir='ltr'><strong>ab</strong></span> <span class='ocrx_word' id='word_1_7' title='bbox 637 463 747 546; x_wconf 75' lang='lat' dir='ltr'><strong>humili</strong></span> <span class='ocrx_word' id='word_1_8' title='bbox 769 481 853 545; x_wconf 83' lang='lat' dir='ltr'><strong>celse</strong></span> <span class='ocrx_word' id='word_1_9' title='bbox 873 478 1107 563; x_wconf 76' lang='lat' dir='ltr'>promerebitur,</span> 
     </span>
    </p>
   </div>
   <div class='ocr_carea' id='block_1_3' title="bbox 316 583 1133 3785">
    <p class='ocr_par' dir='ltr' id='par_1_3' title="bbox 316 583 1133 3785">
     <span class='ocr_line' id='line_1_3' title="bbox 476 583 999 669; baseline -0.002 -20"><span class='ocrx_word' id='word_1_10' title='bbox 476 586 548 668; x_wconf 85' lang='lat' dir='ltr'><strong>quie</strong></span> <span class='ocrx_word' id='word_1_11' title='bbox 570 586 621 668; x_wconf 88' lang='lat' dir='ltr'><strong>qui</strong></span> <span class='ocrx_word' id='word_1_12' title='bbox 643 583 790 669; x_wconf 88' lang='lat' dir='ltr'><strong>superbos</strong></span> <span class='ocrx_word' id='word_1_13' title='bbox 812 584 956 668; x_wconf 88' lang='lat' dir='ltr'><strong>deprimit</strong></span> <span class='ocrx_word' id='word_1_14' title='bbox 997 585 999 590; x_wconf 80' lang='grc'>’</span> 
     </span>
     <span class='ocr_line' id='line_1_4' title="bbox 425 688 1131 773; baseline 0.001 -20"><span class='ocrx_word' id='word_1_15' title='bbox 425 689 558 754; x_wconf 83' lang='lat' dir='ltr'><strong>humfles</strong></span> <span class='ocrx_word' id='word_1_16' title='bbox 580 689 692 755; x_wconf 80' lang='lat' dir='ltr'><strong>inaltet</strong></span> <span class='ocrx_word' id='word_1_17' title='bbox 713 689 851 772; x_wconf 83' lang='lat' dir='ltr'><strong>densque</strong></span> <span class='ocrx_word' id='word_1_18' title='bbox 872 688 976 772; x_wconf 83' lang='lat' dir='ltr'><strong>perdis</strong></span> <span class='ocrx_word' id='word_1_19' title='bbox 998 690 1131 773; x_wconf 75' lang='lat' dir='ltr'><strong>gretiam</strong></span> 
     </span>
     <span class='ocr_line' id='line_1_5' title="bbox 319 791 840 878; baseline 0.004 -22"><span class='ocrx_word' id='word_1_20' title='bbox 319 800 380 856; x_wconf 82' lang='grc'><strong>746</strong></span> <span class='ocrx_word' id='word_1_21' title='bbox 474 793 591 858; x_wconf 89' lang='lat' dir='ltr'><strong>resistit</strong></span> <span class='ocrx_word' id='word_1_22' title='bbox 613 791 840 878; x_wconf 74' lang='lat' dir='ltr'>adrogantibus.</span> 
     </span>
     <span class='ocr_line' id='line_1_6' title="bbox 424 896 1108 980; baseline 0 -19"><span class='ocrx_word' id='word_1_23' title='bbox 424 896 469 962; x_wconf 91' lang='lat' dir='ltr'><strong>sic</strong></span> <span class='ocrx_word' id='word_1_24' title='bbox 490 897 543 963; x_wconf 93' lang='lat' dir='ltr'><strong>iIIe</strong></span> <span class='ocrx_word' id='word_1_25' title='bbox 563 896 676 980; x_wconf 86' lang='lat' dir='ltr'><strong>Ioseph</strong></span> <span class='ocrx_word' id='word_1_26' title='bbox 699 900 771 961; x_wconf 84' lang='lat' dir='ltr'><strong>ente</strong></span> <span class='ocrx_word' id='word_1_27' title='bbox 792 914 906 980; x_wconf 64' lang='lat' dir='ltr'><strong>pedus</strong></span> <span class='ocrx_word' id='word_1_28' title='bbox 928 896 1029 960; x_wconf 82' lang='lat' dir='ltr'><strong>tectus</strong></span> <span class='ocrx_word' id='word_1_29' title='bbox 1052 898 1108 976; x_wconf 87' lang='lat' dir='ltr'><strong>est,</strong></span> 
     </span>
     <span class='ocr_line' id='line_1_7' title="bbox 475 999 913 1086; baseline -0.005 -21"><span class='ocrx_word' id='word_1_30' title='bbox 475 1004 663 1086; x_wconf 78' lang='lat' dir='ltr'><strong>utmagnus</strong></span> <span class='ocrx_word' id='word_1_31' title='bbox 685 1004 778 1081; x_wconf 89' lang='lat' dir='ltr'><strong>esset,</strong></span> <span class='ocrx_word' id='word_1_32' title='bbox 801 1002 832 1065; x_wconf 90' lang='lat' dir='ltr'><strong>et</strong></span> <span class='ocrx_word' id='word_1_33' title='bbox 853 999 913 1064; x_wconf 89' lang='lat' dir='ltr'><strong>nisi</strong></span> 
     </span>
     <span class='ocr_line' id='line_1_8' title="bbox 376 1103 1011 1185; baseline -0.003 -16"><span class='ocrx_word' id='word_1_34' title='bbox 376 1133 381 1142; x_wconf 90' lang='lat'><em>·</em></span> <span class='ocrx_word' id='word_1_35' title='bbox 425 1122 531 1169; x_wconf 87' lang='lat' dir='ltr'><strong>seruus</strong></span> <span class='ocrx_word' id='word_1_36' title='bbox 553 1104 672 1185; x_wconf 86' lang='lat' dir='ltr'><strong>fuisset,</strong></span> <span class='ocrx_word' id='word_1_37' title='bbox 695 1121 756 1168; x_wconf 89' lang='lat' dir='ltr'><strong>non</strong></span> <span class='ocrx_word' id='word_1_38' title='bbox 778 1103 888 1168; x_wconf 89' lang='lat' dir='ltr'><strong>fuisset</strong></span> <span class='ocrx_word' id='word_1_39' title='bbox 909 1103 942 1168; x_wconf 91' lang='lat' dir='ltr'><strong>in</strong></span> <span class='ocrx_word' id='word_1_40' title='bbox 964 1103 1011 1167; x_wconf 90' lang='lat' dir='ltr'><strong>sui</strong></span> 
     </span>
     <span class='ocr_line' id='line_1_9' title="bbox 473 1207 860 1290; baseline -0.003 -18"><span class='ocrx_word' id='word_1_41' title='bbox 473 1208 583 1272; x_wconf 85' lang='lat' dir='ltr'><strong>tellure</strong></span> <span class='ocrx_word' id='word_1_42' title='bbox 605 1207 721 1272; x_wconf 86' lang='lat' dir='ltr'><strong>seruitii</strong></span> <span class='ocrx_word' id='word_1_43' title='bbox 742 1210 860 1290; x_wconf 85' lang='lat' dir='ltr'><strong>potens.</strong></span> 
     </span>
     <span class='ocr_line' id='line_1_10' title="bbox 323 1311 1133 1391; baseline 0 -17"><span class='ocrx_word' id='word_1_44' title='bbox 323 1319 381 1374; x_wconf 79' lang='lat'><strong>745</strong></span> <span class='ocrx_word' id='word_1_45' title='bbox 426 1311 480 1376; x_wconf 88' lang='lat' dir='ltr'><strong>ubi</strong></span> <span class='ocrx_word' id='word_1_46' title='bbox 502 1312 692 1377; x_wconf 77' lang='lat' dir='ltr'><strong>sustinuerat</strong></span> <span class='ocrx_word' id='word_1_47' title='bbox 713 1311 894 1376; x_wconf 82' lang='lat' dir='ltr'><strong>seruItutem</strong></span> <span class='ocrx_word' id='word_1_48' title='bbox 918 1312 950 1375; x_wconf 87' lang='lat' dir='ltr'><strong>et</strong></span> <span class='ocrx_word' id='word_1_49' title='bbox 970 1328 1133 1391; x_wconf 74' lang='lat' dir='ltr'><strong>carcerem,</strong></span> 
     </span>
     <span class='ocr_line' id='line_1_11' title="bbox 473 1415 1035 1501; baseline -0.004 -20"><span class='ocrx_word' id='word_1_50' title='bbox 473 1415 516 1481; x_wconf 89' lang='lat' dir='ltr'><strong>ibi</strong></span> <span class='ocrx_word' id='word_1_51' title='bbox 538 1434 668 1501; x_wconf 80' lang='lat' dir='ltr'>regnum</span> <span class='ocrx_word' id='word_1_52' title='bbox 691 1433 825 1499; x_wconf 85' lang='lat' dir='ltr'><strong>opesque</strong></span> <span class='ocrx_word' id='word_1_53' title='bbox 844 1417 955 1491; x_wconf 72' lang='lat' dir='ltr'><strong>rectus</strong></span> <span class='ocrx_word' id='word_1_54' title='bbox 979 1417 1035 1495; x_wconf 82' lang='lat' dir='ltr'><strong>est,</strong></span> 
     </span>
     <span class='ocr_line' id='line_1_12' title="bbox 424 1520 993 1604; baseline 0 -20"><span class='ocrx_word' id='word_1_55' title='bbox 424 1524 455 1585; x_wconf 86' lang='lat' dir='ltr'><strong>et</strong></span> <span class='ocrx_word' id='word_1_56' title='bbox 478 1520 657 1587; x_wconf 86' lang='lat' dir='ltr'><strong>sustinendo</strong></span> <span class='ocrx_word' id='word_1_57' title='bbox 678 1520 847 1604; x_wconf 76' lang='lat' dir='ltr'><strong>iniquitatis</strong></span> <span class='ocrx_word' id='word_1_58' title='bbox 869 1520 993 1585; x_wconf 67' lang='lat' dir='ltr'><strong>mocula</strong></span> 
     </span>
     <span class='ocr_line' id='line_1_13' title="bbox 474 1623 863 1707; baseline 0 -19"><span class='ocrx_word' id='word_1_59' title='bbox 474 1624 592 1689; x_wconf 82' lang='lat' dir='ltr'><strong>iustitio</strong></span> <span class='ocrx_word' id='word_1_60' title='bbox 613 1624 696 1706; x_wconf 88' lang='lat' dir='ltr'><strong>cepit</strong></span> <span class='ocrx_word' id='word_1_61' title='bbox 716 1623 863 1707; x_wconf 79' lang='lat' dir='ltr'><strong>praemis.</strong></span> 
     </span>
     <span class='ocr_line' id='line_1_14' title="bbox 425 1727 1117 1811; baseline -0.003 -19"><span class='ocrx_word' id='word_1_62' title='bbox 425 1727 465 1792; x_wconf 90' lang='lat' dir='ltr'><strong>sit</strong></span> <span class='ocrx_word' id='word_1_63' title='bbox 487 1731 517 1792; x_wconf 86' lang='lat' dir='ltr'><strong>et</strong></span> <span class='ocrx_word' id='word_1_64' title='bbox 538 1728 589 1793; x_wconf 91' lang='lat' dir='ltr'><strong>hic</strong></span> <span class='ocrx_word' id='word_1_65' title='bbox 610 1727 757 1811; x_wconf 78' lang='lat' dir='ltr'><strong>probatus</strong></span> <span class='ocrx_word' id='word_1_66' title='bbox 779 1727 913 1811; x_wconf 83' lang='lat' dir='ltr'><strong>corporis</strong></span> <span class='ocrx_word' id='word_1_67' title='bbox 935 1729 1038 1791; x_wconf 89' lang='lat' dir='ltr'><strong>custos</strong></span> <span class='ocrx_word' id='word_1_68' title='bbox 1061 1728 1117 1807; x_wconf 86' lang='lat' dir='ltr'><strong>sui,</strong></span> 
     </span>
     <span class='ocr_line' id='line_1_15' title="bbox 322 1831 954 1896; baseline 0 -2"><span class='ocrx_word' id='word_1_69' title='bbox 322 1840 381 1896; x_wconf 79' lang='lat'><strong>750</strong></span> <span class='ocrx_word' id='word_1_70' title='bbox 477 1835 512 1896; x_wconf 85' lang='lat' dir='ltr'><strong>ut</strong></span> <span class='ocrx_word' id='word_1_71' title='bbox 534 1832 670 1896; x_wconf 82' lang='lat' dir='ltr'><strong>cicestre</strong></span> <span class='ocrx_word' id='word_1_72' title='bbox 690 1833 795 1896; x_wconf 78' lang='lat' dir='ltr'><strong>teneat</strong></span> <span class='ocrx_word' id='word_1_73' title='bbox 817 1831 954 1895; x_wconf 78' lang='lat' dir='ltr'><strong>carceris.</strong></span> 
     </span>
     <span class='ocr_line' id='line_1_16' title="bbox 423 1934 1102 2015; baseline 0 -16"><span class='ocrx_word' id='word_1_74' title='bbox 423 1936 449 1999; x_wconf 93' lang='lat' dir='ltr'><strong>si</strong></span> <span class='ocrx_word' id='word_1_75' title='bbox 473 1935 550 1999; x_wconf 83' lang='lat' dir='ltr'><strong>uitis</strong></span> <span class='ocrx_word' id='word_1_76' title='bbox 571 1935 672 1999; x_wconf 85' lang='lat' dir='ltr'><strong>cernis</strong></span> <span class='ocrx_word' id='word_1_77' title='bbox 695 1935 849 2000; x_wconf 83' lang='lat' dir='ltr'><strong>strinxerit</strong></span> <span class='ocrx_word' id='word_1_78' title='bbox 871 1934 985 2000; x_wconf 81' lang='lat' dir='ltr'><strong>Christi</strong></span> <span class='ocrx_word' id='word_1_79' title='bbox 1007 1938 1102 2015; x_wconf 88' lang='lat' dir='ltr'><strong>metu,</strong></span> 
     </span>
     <span class='ocr_line' id='line_1_17' title="bbox 470 2039 907 2123; baseline 0 -21"><span class='ocrx_word' id='word_1_80' title='bbox 470 2039 558 2122; x_wconf 81' lang='lat' dir='ltr'><strong>qussi</strong></span> <span class='ocrx_word' id='word_1_81' title='bbox 579 2039 745 2104; x_wconf 85' lang='lat' dir='ltr'><strong>uinculetis</strong></span> <span class='ocrx_word' id='word_1_82' title='bbox 767 2039 907 2123; x_wconf 80' lang='lat' dir='ltr'><strong>praeerit,</strong></span> 
     </span>
     <span class='ocr_line' id='line_1_18' title="bbox 420 2141 1087 2226; baseline -0.001 -19"><span class='ocrx_word' id='word_1_83' title='bbox 420 2143 548 2226; x_wconf 79' lang='lat' dir='ltr'><strong>aliisque</strong></span> <span class='ocrx_word' id='word_1_84' title='bbox 570 2142 678 2207; x_wconf 89' lang='lat' dir='ltr'><strong>mundi</strong></span> <span class='ocrx_word' id='word_1_85' title='bbox 699 2161 819 2207; x_wconf 79' lang='lat' dir='ltr'><strong>carcero</strong></span> <span class='ocrx_word' id='word_1_86' title='bbox 840 2141 967 2207; x_wconf 79' lang='lat' dir='ltr'><strong>inclusis</strong></span> <span class='ocrx_word' id='word_1_87' title='bbox 989 2141 1087 2207; x_wconf 79' lang='lat' dir='ltr'><strong>adhuc</strong></span> 
     </span>
     <span class='ocr_line' id='line_1_19' title="bbox 470 2247 817 2333; baseline 0 -21"><span class='ocrx_word' id='word_1_88' title='bbox 470 2250 500 2312; x_wconf 89' lang='lat' dir='ltr'><strong>et</strong></span> <span class='ocrx_word' id='word_1_89' title='bbox 522 2247 663 2333; x_wconf 76' lang='lat' dir='ltr'><strong>adligatis</strong></span> <span class='ocrx_word' id='word_1_90' title='bbox 686 2247 817 2327; x_wconf 76' lang='lat' dir='ltr'><strong>sacculo,</strong></span> 
     </span>
     <span class='ocr_line' id='line_1_20' title="bbox 317 2349 1076 2434; baseline 0.001 -21"><span class='ocrx_word' id='word_1_91' title='bbox 317 2359 376 2414; x_wconf 79' lang='grc'><strong>755</strong></span> <span class='ocrx_word' id='word_1_92' title='bbox 420 2355 456 2416; x_wconf 88' lang='lat' dir='ltr'><strong>ut</strong></span> <span class='ocrx_word' id='word_1_93' title='bbox 477 2350 555 2416; x_wconf 91' lang='lat' dir='ltr'><strong>liber</strong></span> <span class='ocrx_word' id='word_1_94' title='bbox 577 2351 643 2434; x_wconf 86' lang='lat' dir='ltr'><strong>ipse</strong></span> <span class='ocrx_word' id='word_1_95' title='bbox 665 2351 789 2434; x_wconf 80' lang='lat' dir='ltr'><strong>iamque</strong></span> <span class='ocrx_word' id='word_1_96' title='bbox 811 2350 993 2415; x_wconf 87' lang='lat' dir='ltr'><strong>commissus</strong></span> <span class='ocrx_word' id='word_1_97' title='bbox 1015 2349 1076 2415; x_wconf 89' lang='lat' dir='ltr'><strong>sibi</strong></span> 
     </span>
     <span class='ocr_line' id='line_1_21' title="bbox 469 2455 883 2540; baseline -0.002 -21"><span class='ocrx_word' id='word_1_98' title='bbox 469 2455 617 2540; x_wconf 79' lang='lat' dir='ltr'><strong>magister</strong></span> <span class='ocrx_word' id='word_1_99' title='bbox 639 2459 671 2521; x_wconf 85' lang='lat' dir='ltr'><strong>et</strong></span> <span class='ocrx_word' id='word_1_100' title='bbox 692 2459 795 2520; x_wconf 90' lang='lat' dir='ltr'><strong>custos</strong></span> <span class='ocrx_word' id='word_1_101' title='bbox 818 2455 883 2519; x_wconf 86' lang='lat' dir='ltr'><strong>erit.</strong></span> 
     </span>
     <span class='ocr_line' id='line_1_22' title="bbox 418 2559 1094 2641; baseline -0.001 -19"><span class='ocrx_word' id='word_1_102' title='bbox 418 2576 552 2641; x_wconf 86' lang='lat' dir='ltr'><strong>nemque</strong></span> <span class='ocrx_word' id='word_1_103' title='bbox 574 2559 627 2623; x_wconf 89' lang='lat' dir='ltr'><strong>ille</strong></span> <span class='ocrx_word' id='word_1_104' title='bbox 649 2559 715 2624; x_wconf 86' lang='lat' dir='ltr'><strong>iure</strong></span> <span class='ocrx_word' id='word_1_105' title='bbox 737 2559 790 2641; x_wconf 87' lang='lat' dir='ltr'><strong>qui</strong></span> <span class='ocrx_word' id='word_1_106' title='bbox 812 2576 901 2623; x_wconf 85' lang='lat' dir='ltr'><strong>suem</strong></span> <span class='ocrx_word' id='word_1_107' title='bbox 923 2559 1094 2622; x_wconf 83' lang='lat' dir='ltr'><strong>serueuerit</strong></span> 
     </span>
     <span class='ocr_line' id='line_1_23' title="bbox 467 2662 917 2742; baseline 0 -16"><span class='ocrx_word' id='word_1_108' title='bbox 467 2663 597 2727; x_wconf 85' lang='lat' dir='ltr'><strong>eliorum</strong></span> <span class='ocrx_word' id='word_1_109' title='bbox 620 2662 716 2728; x_wconf 84' lang='lat' dir='ltr'><strong>hebet</strong></span> <span class='ocrx_word' id='word_1_110' title='bbox 736 2662 917 2742; x_wconf 79' lang='lat' dir='ltr'><strong>custodiam,</strong></span> 
     </span>
     <span class='ocr_line' id='line_1_24' title="bbox 417 2765 1045 2849; baseline -0.002 -20"><span class='ocrx_word' id='word_1_111' title='bbox 417 2782 478 2829; x_wconf 86' lang='lat' dir='ltr'><strong>non</strong></span> <span class='ocrx_word' id='word_1_112' title='bbox 501 2769 536 2830; x_wconf 90' lang='lat' dir='ltr'><strong>ut</strong></span> <span class='ocrx_word' id='word_1_113' title='bbox 557 2765 692 2831; x_wconf 86' lang='lat' dir='ltr'><strong>tenebris</strong></span> <span class='ocrx_word' id='word_1_114' title='bbox 714 2783 894 2849; x_wconf 87' lang='lat' dir='ltr'><strong>permanere</strong></span> <span class='ocrx_word' id='word_1_115' title='bbox 917 2765 1045 2829; x_wconf 79' lang='lat' dir='ltr'><strong>carceris</strong></span> 
     </span>
     <span class='ocr_line' id='line_1_25' title="bbox 317 2869 909 2950; baseline 0.002 -18"><span class='ocrx_word' id='word_1_116' title='bbox 317 2877 377 2933; x_wconf 84' lang='grc'><strong>760</strong></span> <span class='ocrx_word' id='word_1_117' title='bbox 472 2888 527 2934; x_wconf 91' lang='lat' dir='ltr'><strong>seu</strong></span> <span class='ocrx_word' id='word_1_118' title='bbox 548 2869 660 2935; x_wconf 90' lang='lat' dir='ltr'><strong>liberos</strong></span> <span class='ocrx_word' id='word_1_119' title='bbox 682 2870 801 2934; x_wconf 83' lang='lat' dir='ltr'><strong>uinctos</strong></span> <span class='ocrx_word' id='word_1_120' title='bbox 824 2870 909 2950; x_wconf 87' lang='lat' dir='ltr'><strong>uelit,</strong></span> 
     </span>
     <span class='ocr_line' id='line_1_26' title="bbox 417 2973 1054 3057; baseline -0.002 -19"><span class='ocrx_word' id='word_1_121' title='bbox 417 2973 472 3038; x_wconf 91' lang='lat' dir='ltr'><strong>sed</strong></span> <span class='ocrx_word' id='word_1_122' title='bbox 494 2977 529 3038; x_wconf 91' lang='lat' dir='ltr'><strong>ut</strong></span> <span class='ocrx_word' id='word_1_123' title='bbox 549 2978 687 3057; x_wconf 85' lang='lat' dir='ltr'><strong>receptos</strong></span> <span class='ocrx_word' id='word_1_124' title='bbox 710 2973 818 3038; x_wconf 89' lang='lat' dir='ltr'><strong>doceet</strong></span> <span class='ocrx_word' id='word_1_125' title='bbox 839 2973 977 3057; x_wconf 82' lang='lat' dir='ltr'><strong>exemplo</strong></span> <span class='ocrx_word' id='word_1_126' title='bbox 1000 2991 1054 3037; x_wconf 90' lang='lat' dir='ltr'><strong>suo</strong></span> 
     </span>
     <span class='ocr_line' id='line_1_27' title="bbox 467 3077 813 3143; baseline -0.003 -1"><span class='ocrx_word' id='word_1_127' title='bbox 467 3077 575 3142; x_wconf 89' lang='lat' dir='ltr'><strong>mundi</strong></span> <span class='ocrx_word' id='word_1_128' title='bbox 596 3078 712 3143; x_wconf 84' lang='lat' dir='ltr'><strong>cetenis</strong></span> <span class='ocrx_word' id='word_1_129' title='bbox 736 3079 813 3142; x_wconf 84' lang='lat' dir='ltr'><strong>exui.</strong></span> 
     </span>
     <span class='ocr_line' id='line_1_28' title="bbox 416 3181 1046 3265; baseline 0 -20"><span class='ocrx_word' id='word_1_130' title='bbox 416 3185 448 3245; x_wconf 93' lang='lat' dir='ltr'><strong>et</strong></span> <span class='ocrx_word' id='word_1_131' title='bbox 470 3181 561 3247; x_wconf 80' lang='lat' dir='ltr'><strong>focile</strong></span> <span class='ocrx_word' id='word_1_132' title='bbox 582 3181 710 3265; x_wconf 87' lang='lat' dir='ltr'><strong>propriis</strong></span> <span class='ocrx_word' id='word_1_133' title='bbox 734 3181 892 3246; x_wconf 82' lang='lat' dir='ltr'><strong>obsoletus</strong></span> <span class='ocrx_word' id='word_1_134' title='bbox 915 3181 1046 3247; x_wconf 88' lang='lat' dir='ltr'><strong>uinculis</strong></span> 
     </span>
     <span class='ocr_line' id='line_1_29' title="bbox 466 3285 846 3365; baseline -0.003 -15"><span class='ocrx_word' id='word_1_135' title='bbox 466 3287 545 3350; x_wconf 87' lang='lat' dir='ltr'><strong>solui</strong></span> <span class='ocrx_word' id='word_1_136' title='bbox 566 3285 688 3350; x_wconf 78' lang='lat' dir='ltr'><strong>docebit</strong></span> <span class='ocrx_word' id='word_1_137' title='bbox 709 3285 846 3365; x_wconf 81' lang='lat' dir='ltr'><strong>crimIne,</strong></span> 
     </span>
     <span class='ocr_line' id='line_1_30' title="bbox 316 3375 1087 3472; baseline 0 -20"><span class='ocrx_word' id='word_1_138' title='bbox 316 3397 374 3453; x_wconf 79' lang='lat'><strong>765</strong></span> <span class='ocrx_word' id='word_1_139' title='bbox 419 3387 579 3472; x_wconf 88' lang='lat' dir='ltr'><strong>bonusque</strong></span> <span class='ocrx_word' id='word_1_140' title='bbox 601 3390 713 3454; x_wconf 86' lang='lat' dir='ltr'><strong>mentis</strong></span> <span class='ocrx_word' id='word_1_141' title='bbox 737 3390 783 3453; x_wconf 89' lang='lat' dir='ltr'><strong>uir</strong></span> <span class='ocrx_word' id='word_1_142' title='bbox 804 3389 991 3472; x_wconf 78' lang='lat' dir='ltr'><strong>gubernator</strong></span> <span class='ocrx_word' id='word_1_143' title='bbox 1013 3375 1087 3453; x_wconf 80' lang='lat' dir='ltr'><strong>sude</strong></span> 
     </span>
     <span class='ocr_line' id='line_1_31' title="bbox 466 3494 898 3578; baseline -0.002 -21"><span class='ocrx_word' id='word_1_144' title='bbox 466 3497 497 3558; x_wconf 89' lang='lat' dir='ltr'><strong>et</strong></span> <span class='ocrx_word' id='word_1_145' title='bbox 519 3494 647 3558; x_wconf 80' lang='lat' dir='ltr'><strong>eclesiae</strong></span> <span class='ocrx_word' id='word_1_146' title='bbox 670 3512 781 3558; x_wconf 82' lang='lat' dir='ltr'><strong>nauem</strong></span> <span class='ocrx_word' id='word_1_147' title='bbox 803 3496 898 3578; x_wconf 81' lang='lat' dir='ltr'><strong>reget.</strong></span> 
     </span>
     <span class='ocr_line' id='line_1_32' title="bbox 414 3595 1109 3681; baseline -0.001 -20"><span class='ocrx_word' id='word_1_148' title='bbox 414 3614 487 3661; x_wconf 84' lang='lat' dir='ltr'><strong>nom</strong></span> <span class='ocrx_word' id='word_1_149' title='bbox 510 3596 662 3679; x_wconf 90' lang='lat' dir='ltr'><strong>quomodo</strong></span> <span class='ocrx_word' id='word_1_150' title='bbox 683 3597 736 3662; x_wconf 89' lang='lat' dir='ltr'><strong>ille</strong></span> <span class='ocrx_word' id='word_1_151' title='bbox 757 3595 944 3681; x_wconf 79' lang='lat' dir='ltr'><strong>praesidebit</strong></span> <span class='ocrx_word' id='word_1_152' title='bbox 964 3597 1109 3679; x_wconf 82' lang='lat' dir='ltr'><strong>proximis</strong></span> 
     </span>
     <span class='ocr_line' id='line_1_33' title="bbox 465 3699 903 3785; baseline 0 -20"><span class='ocrx_word' id='word_1_153' title='bbox 465 3718 607 3785; x_wconf 84' lang='lat' dir='ltr'><strong>proeesse</strong></span> <span class='ocrx_word' id='word_1_154' title='bbox 628 3702 681 3784; x_wconf 87' lang='lat' dir='ltr'><strong>qui</strong></span> <span class='ocrx_word' id='word_1_155' title='bbox 703 3702 802 3766; x_wconf 89' lang='lat' dir='ltr'><strong>nescit</strong></span> <span class='ocrx_word' id='word_1_156' title='bbox 823 3699 903 3766; x_wconf 81' lang='lat' dir='ltr'><strong>sibi?</strong></span> 
     </span>
    </p>
   </div>
   <div class='ocr_carea' id='block_1_4' title="bbox 158 3975 1276 4304">
    <p class='ocr_par' dir='ltr' id='par_1_4' title="bbox 158 3975 1276 4304">
     <span class='ocr_line' id='line_1_34' title="bbox 202 3975 1276 4048; baseline 0.002 -18"><span class='ocrx_word' id='word_1_157' title='bbox 202 3976 253 4032; x_wconf 85' lang='grc'><strong>738</strong></span> <span class='ocrx_word' id='word_1_158' title='bbox 275 3975 336 4045; x_wconf 88' lang='lat' dir='ltr'><strong>quie</strong></span> <span class='ocrx_word' id='word_1_159' title='bbox 357 3991 409 4046; x_wconf 84' lang='lat' dir='ltr'><strong>que</strong></span> <span class='ocrx_word' id='word_1_160' title='bbox 430 3977 457 4032; x_wconf 99' lang='grc' dir='ltr'><strong><em>Β</em></strong></span> <span class='ocrx_word' id='word_1_161' title='bbox 542 3979 592 4033; x_wconf 82' lang='grc'><strong>747</strong></span> <span class='ocrx_word' id='word_1_162' title='bbox 615 3977 929 4048; x_wconf 67' lang='lat' dir='ltr'><strong>dissipatorem</strong></span> <span class='ocrx_word' id='word_1_163' title='bbox 996 3980 1046 4036; x_wconf 83' lang='grc'><strong>748</strong></span> <span class='ocrx_word' id='word_1_164' title='bbox 1064 3978 1168 4032; x_wconf 83' lang='lat' dir='ltr'><strong>iusticie</strong></span> <span class='ocrx_word' id='word_1_165' title='bbox 1183 3980 1219 4046; x_wconf 87' lang='lat' dir='ltr'><strong>B,</strong></span> <span class='ocrx_word' id='word_1_166' title='bbox 1237 3978 1276 4032; x_wconf 87' lang='lat' dir='ltr'><strong>iu·</strong></span> 
     </span>
     <span class='ocr_line' id='line_1_35' title="bbox 158 4061 1276 4134; baseline 0.005 -18"><span class='ocrx_word' id='word_1_167' title='bbox 158 4061 248 4116; x_wconf 85' lang='lat' dir='ltr'><strong>stitiee</strong></span> <span class='ocrx_word' id='word_1_168' title='bbox 268 4062 310 4119; x_wconf 86' lang='grc'><strong>06</strong></span> <span class='ocrx_word' id='word_1_169' title='bbox 370 4063 499 4132; x_wconf 85' lang='lat' dir='ltr'><strong>ceepitO</strong></span> <span class='ocrx_word' id='word_1_170' title='bbox 562 4065 611 4119; x_wconf 86' lang='grc'><strong>753</strong></span> <span class='ocrx_word' id='word_1_171' title='bbox 630 4064 726 4118; x_wconf 80' lang='lat' dir='ltr'><strong>carceri</strong></span> <span class='ocrx_word' id='word_1_172' title='bbox 743 4081 767 4134; x_wconf 86' lang='lat' dir='ltr'><strong>o,</strong></span> <span class='ocrx_word' id='word_1_173' title='bbox 784 4065 894 4119; x_wconf 87' lang='lat' dir='ltr'><strong>cerceris</strong></span> <span class='ocrx_word' id='word_1_174' title='bbox 912 4063 965 4120; x_wconf 89' lang='grc' dir='ltr'><strong>ΒΟ</strong></span> <span class='ocrx_word' id='word_1_175' title='bbox 1020 4067 1070 4121; x_wconf 85' lang='grc'><strong>757</strong></span> <span class='ocrx_word' id='word_1_176' title='bbox 1088 4080 1162 4119; x_wconf 83' lang='lat' dir='ltr'><strong>susm</strong></span> <span class='ocrx_word' id='word_1_177' title='bbox 1179 4065 1276 4134; x_wconf 78' lang='lat' dir='ltr'><strong>Recto,</strong></span> 
     </span>
     <span class='ocr_line' id='line_1_36' title="bbox 158 4147 1276 4221; baseline 0.004 -19"><span class='ocrx_word' id='word_1_178' title='bbox 158 4163 208 4202; x_wconf 82' lang='lat' dir='ltr'><strong>sue</strong></span> <span class='ocrx_word' id='word_1_179' title='bbox 224 4147 305 4217; x_wconf 84' lang='grc' dir='ltr'><strong>Βο6,</strong></span> <span class='ocrx_word' id='word_1_180' title='bbox 323 4149 364 4202; x_wconf 88' lang='lat' dir='ltr'><strong>sui</strong></span> <span class='ocrx_word' id='word_1_181' title='bbox 381 4151 443 4218; x_wconf 72' lang='lat' dir='ltr'><strong>ford.</strong></span> <span class='ocrx_word' id='word_1_182' title='bbox 508 4150 674 4205; x_wconf 80' lang='lat' dir='ltr'><strong>seruauerint</strong></span> <span class='ocrx_word' id='word_1_183' title='bbox 690 4151 718 4206; x_wconf 94' lang='grc' dir='ltr'><strong><em>Β</em></strong></span> <span class='ocrx_word' id='word_1_184' title='bbox 769 4153 819 4206; x_wconf 87' lang='grc'><strong>760</strong></span> <span class='ocrx_word' id='word_1_185' title='bbox 837 4151 893 4220; x_wconf 89' lang='lat' dir='ltr'><strong>seu]</strong></span> <span class='ocrx_word' id='word_1_186' title='bbox 912 4150 990 4207; x_wconf 83' lang='lat' dir='ltr'><strong>sedo</strong></span> <span class='ocrx_word' id='word_1_187' title='bbox 1040 4149 1136 4206; x_wconf 86' lang='lat' dir='ltr'><strong>liberos</strong></span> <span class='ocrx_word' id='word_1_188' title='bbox 1153 4169 1178 4221; x_wconf 85' lang='lat' dir='ltr'><strong>c,</strong></span> <span class='ocrx_word' id='word_1_189' title='bbox 1193 4150 1276 4207; x_wconf 86' lang='lat' dir='ltr'><strong>libero</strong></span> 
     </span>
     <span class='ocr_line' id='line_1_37' title="bbox 159 4233 1175 4304; baseline 0.006 -15"><span class='ocrx_word' id='word_1_190' title='bbox 159 4233 214 4290; x_wconf 87' lang='grc' dir='ltr'><strong>ΒΟ</strong></span> <span class='ocrx_word' id='word_1_191' title='bbox 264 4237 313 4292; x_wconf 90' lang='grc'><strong>761</strong></span> <span class='ocrx_word' id='word_1_192' title='bbox 332 4239 451 4304; x_wconf 87' lang='lat' dir='ltr'><strong>receptus</strong></span> <span class='ocrx_word' id='word_1_193' title='bbox 469 4237 495 4290; x_wconf 95' lang='grc' dir='ltr'><strong><em>Β</em></strong></span> <span class='ocrx_word' id='word_1_194' title='bbox 547 4239 597 4292; x_wconf 88' lang='grc'><strong>763</strong></span> <span class='ocrx_word' id='word_1_195' title='bbox 615 4236 727 4291; x_wconf 87' lang='lat' dir='ltr'><strong>uinculis</strong></span> <span class='ocrx_word' id='word_1_196' title='bbox 744 4238 839 4294; x_wconf 69' lang='lat' dir='ltr'><strong>orto</strong></span> <span class='ocrx_word' id='word_1_197' title='bbox 895 4240 945 4293; x_wconf 88' lang='grc'><strong>766</strong></span> <span class='ocrx_word' id='word_1_198' title='bbox 962 4237 1084 4291; x_wconf 74' lang='lat' dir='ltr'><strong>ecclesiae</strong></span> <span class='ocrx_word' id='word_1_199' title='bbox 1101 4237 1175 4294; x_wconf 87' lang='lat' dir='ltr'><strong>BOc</strong></span> 
     </span>
    </p>
   </div>
   <div class='ocr_carea' id='block_1_5' title="bbox 0 0 1464 4664">
    <p class='ocr_par' dir='ltr' id='par_1_5' title="bbox 0 0 1464 4664">
     <span class='ocr_line' id='line_1_38' title="bbox 0 0 1464 4664; baseline 0 1"><span class='ocrx_word' id='word_1_200' title='bbox 0 0 1464 4664; x_wconf 95' lang='lat' dir='ltr'><strong> </strong></span> 
     </span>
    </p>
   </div>
  </div>
 </body>
</html>
