2918 4664
485 275 510 330 S.
524 276 656 330 Paulini
673 276 792 330 Nolani
811 277 954 345 episcopi

310 455 502 534 unguentum
525 452 641 534 spirare
663 452 760 533 docet,
784 453 975 534 spondetque
998 454 1139 517 sacerdos

248 565 287 618 30
311 560 342 619 et
365 561 479 636 monet,
502 560 538 619 ut
559 556 643 639 longi
667 557 801 638 spatium
825 557 885 620 sibi
907 557 1045 639 postulet
1067 559 1145 621 aeui.

310 661 361 724 ille
384 661 432 724 dei
454 662 517 724 iarn
540 664 623 725 totus
645 661 684 724 ad
706 661 796 724 haec:
821 661 895 725 satie
917 661 975 724 hoc
998 662 1073 725 mihi
1096 662 1221 742 donum,

311 783 369 847 quo
391 767 504 848 potior3
528 783 610 828 nunc
632 783 715 829 mors
737 764 858 828 lucrum
881 765 957 828 mihi
979 766 1105 847 uitaque
1122 766 1277 830 Christus!

311 888 379 932 ecce
402 889 456 951 per
479 874 639 933 aeternum
662 869 752 932 terris
776 870 849 932 data
870 869 970 952 gratia
993 869 1164 933 Christum!

310 974 360 1036 hic
383 977 431 1036 est
453 973 506 1036 ille
527 974 606 1036 latro
628 973 712 1052 felix,
735 974 787 1054 qui
810 972 870 1036 fine
894 973 950 1036 sub
973 974 1041 1055 ipsc
1155 1015 1158 1021 -

248 1086 287 1139 35
311 1077 469 1141 confessus
492 1075 650 1140 Christum
672 1078 785 1140 meruit
806 1094 877 1140 reus
899 1081 983 1140 astra
1005 1077 1119 1150 fidelis;

309 1182 359 1244 hic
382 1182 512 1245 donatus
535 1181 600 1244 abit
622 1180 719 1244 solida
740 1182 879 1244 mercede
902 1181 971 1261 diei,

310 1304 395 1349 serus
419 1286 457 1349 ab
479 1284 643 1347 undecima
665 1283 728 1347 iarn
750 1286 979 1348 mercennarius
1002 1286 1086 1349 hora.

311 1407 382 1472 ergo
404 1392 440 1452 ιιι
462 1387 621 1452 sanctifica
642 1387 737 1451 nituit
757 1391 924 1451 renouatus
948 1388 986 1451 ab
1009 1389 1102 1468 unda,

307 1495 372 1576 ipse
395 1493 499 1576 grauis
523 1496 608 1555 artus
631 1493 663 1554 in
685 1491 789 1555 mollia
811 1492 910 1554 fulcra
932 1492 1054 1556 refusus

247 1606 287 1659 40
310 1597 490 1659 unanimam
513 1596 675 1677 alloquitur
697 1598 832 1658 recreato
856 1596 945 1659 corde
972 1597 1122 1678 iugalem:

349 1806 470 1869 Aetatis
494 1805 628 1887 spatium
653 1804 753 1868 lustra
775 1822 886 1868 nouem
911 1805 997 1883 mihi,

310 1928 426 1974 annum
448 1909 512 1972 nita
535 1928 626 1992 super
649 1909 758 1972 ducere
783 1913 934 1991 coeperat,

308 2014 381 2078 felix
403 2014 550 2077 unanimo
573 2013 712 2095 coniugio
734 2012 822 2092 mihi,

233 2183 237 2194 ,
309 2119 406 2182 dulcis
428 2117 606 2201 pigneribus
633 2117 715 2180 clara
738 2120 769 2180 et
791 2115 969 2194 honoribus,

248 2232 288 2286 45
312 2227 343 2287 et
364 2241 446 2286 nunc
468 2220 626 2285 mortificis
649 2220 733 2284 eluta
755 2219 896 2283 sordibus

309 2330 415 2391 sancto
437 2325 498 2389 fine
520 2325 607 2406 pium
630 2327 801 2388 transmeat
823 2324 856 2386 in
878 2323 979 2387 deum.

308 2433 384 2495 haec
407 2429 446 2494 ad
467 2428 563 2493 uerba
584 2428 643 2511 piis
666 2427 772 2491 sedula
794 2426 915 2490 fletibus

309 2535 449 2615 coniunx,
472 2539 538 2597 oret
561 2531 661 2595 adhuc
683 2531 799 2610 uiuere,
822 2530 983 2614 supplicat.

309 2644 383 2703 tunc
405 2639 470 2702 ille:
495 2655 512 2700 c
535 2637 645 2700 mulier
667 2635 771 2699 nescia
792 2635 866 2717 quid
887 2638 987 2717 petae,

249 2754 289 2807 50
311 2745 374 2806 iarn
396 2743 457 2806 scis
481 2759 521 2804 an
543 2741 664 2803 ualeam
687 2738 792 2803 uiuere
814 2742 880 2803 tam
901 2740 960 2820 pie,
1008 2812 1010 2816 ¹

311 2850 346 2910 ιιι
367 2845 448 2910 tanti
469 2861 612 2907 maneam
635 2842 771 2907 muneris
794 2843 935 2924 integer?

310 2953 342 3014 et
364 2948 437 3032 quid
459 2949 524 3012 uita
546 2948 642 3027 iuuat,
666 2964 727 3028 qua
748 2947 876 3010 moritur
899 2946 1005 3009 salus?

310 3054 386 3118 haec
408 3056 444 3116 ut
465 3052 552 3115 fertis
577 3051 629 3131 ait,
642 3055 777 3118 ,tornum
799 3050 896 3113 oculis
919 3049 1037 3112 micans

311 3162 342 3222 et
364 3157 484 3221 caelum
506 3154 626 3237 stupide
649 3153 818 3238 suspiciens
842 3154 898 3217 ait:

250 3271 287 3326 55
311 3261 524 3325 flammantem
546 3260 636 3323 uideo
658 3257 784 3321 lumInis
806 3257 970 3337 ambitum,

309 3367 342 3430 in
364 3383 456 3446 quern
480 3364 566 3428 nulla
587 3364 673 3426 uenit
694 3361 812 3426 femina
833 3361 991 3424 circulum.

309 3490 326 3535 o
348 3470 429 3548 felix,
453 3469 502 3532 eui
524 3469 624 3532 adhuc
645 3483 789 3547 corporeo
812 3467 919 3529 datum

309 3574 424 3638 aeterni
446 3573 579 3656 speciem
604 3589 726 3634 cernere
750 3570 874 3649 saeculi,

258 3768 479 3841 32](Phil.1‚21)
532 3765 691 3836 crunam.
704 3767 789 3834 noct
842 3762 1275 3834 57](Matth.22,30;Gal.3,28).

198 3958 229 4011 31
249 3953 295 4022 ad]
312 3952 366 4006 had
383 3953 416 4006 Ν
419 3951 429 3982 ²
485 3953 518 4005 35
536 3948 622 4002 fidelis
638 3948 659 4016 (l
676 3965 708 4003 ecc
726 3948 749 4017 c)
767 3949 800 4003 N
854 3949 887 4002 36
905 3945 971 4000 obiit
988 3947 1020 4000 N
1024 3945 1033 3976 ¹
1090 3943 1188 3998 solidee
1205 3946 1274 4000 ceni.

155 4043 280 4098 Brccdcs
335 4042 369 4094 40
386 4040 467 4093 reato
485 4037 518 4091 N
533 4036 659 4102 (recreato
673 4035 877 4105 praescripsit
894 4051 927 4088 m.
941 4033 968 4101 3)
1024 4033 1058 4087 44
1075 4029 1217 4084 honeribus
1236 4031 1275 4098 N,

155 4127 279 4182 oneribus
297 4144 363 4182 corr.
376 4130 440 4181 m.3
492 4127 523 4179 51
542 4124 645 4190 integer
663 4124 696 4178 N
749 4124 782 4177 52
800 4120 894 4189 ecquid
911 4121 979 4176 scot.
992 4119 1116 4174 Broadcs
1168 4119 1201 4172 53
1219 4118 1276 4186 agit

154 4219 217 4284 fort.
270 4218 304 4271 58
321 4213 452 4282 specimen
470 4212 549 4266 Bodl.
