<?xml version="1.0" encoding="UTF-8"?>
<!DOCTYPE html PUBLIC "-//W3C//DTD XHTML 1.0 Transitional//EN"
    "http://www.w3.org/TR/xhtml1/DTD/xhtml1-transitional.dtd">
<html xmlns="http://www.w3.org/1999/xhtml" xml:lang="en" lang="en">
 <head>
  <title>
</title>
<meta http-equiv="Content-Type" content="text/html;charset=utf-8" />
  <meta name='ocr-system' content='tesseract 3.04.00' />
  <meta name='ocr-capabilities' content='ocr_page ocr_carea ocr_par ocr_line ocrx_word'/>
</head>
<body>
  <div class='ocr_page' id='page_1' title='image "./sanctipontiimer00paulgoog_0212.png"; bbox 0 0 2918 4664; ppageno 0'>
   <div class='ocr_carea' id='block_1_1' title="bbox 511 303 939 370">
    <p class='ocr_par' dir='ltr' id='par_1_1' title="bbox 511 303 939 370">
     <span class='ocr_line' id='line_1_1' title="bbox 511 303 939 370; baseline -0.005 -11"><span class='ocrx_word' id='word_1_1' title='bbox 511 321 637 360; x_wconf 82' lang='lat' dir='ltr'>sermea</span> <span class='ocrx_word' id='word_1_2' title='bbox 656 304 711 370; x_wconf 83' lang='lat' dir='ltr'>XX,</span> <span class='ocrx_word' id='word_1_3' title='bbox 723 303 887 368; x_wconf 75' lang='lat' dir='ltr'>eae-xm,</span> <span class='ocrx_word' id='word_1_4' title='bbox 898 305 939 360; x_wconf 77' lang='lat'>45.</span> 
     </span>
    </p>
   </div>
   <div class='ocr_carea' id='block_1_2' title="bbox 151 477 1283 3677">
    <p class='ocr_par' dir='ltr' id='par_1_2' title="bbox 210 477 1143 978">
     <span class='ocr_line' id='line_1_2' title="bbox 210 477 1143 565; baseline -0.003 -22"><span class='ocrx_word' id='word_1_5' title='bbox 210 487 248 543; x_wconf 83' lang='lat'>15</span> <span class='ocrx_word' id='word_1_6' title='bbox 272 480 445 565; x_wconf 83' lang='lat' dir='ltr'>praeteritis</span> <span class='ocrx_word' id='word_1_7' title='bbox 468 479 605 544; x_wconf 80' lang='lat' dir='ltr'>nanterre</span> <span class='ocrx_word' id='word_1_8' title='bbox 626 479 723 543; x_wconf 90' lang='lat' dir='ltr'>iuuat.</span> <span class='ocrx_word' id='word_1_9' title='bbox 746 494 840 560; x_wconf 89' lang='lat' dir='ltr'>quam</span> <span class='ocrx_word' id='word_1_10' title='bbox 862 480 962 542; x_wconf 89' lang='lat' dir='ltr'>taetra</span> <span class='ocrx_word' id='word_1_11' title='bbox 983 496 1037 560; x_wconf 90' lang='lat' dir='ltr'>per</span> <span class='ocrx_word' id='word_1_12' title='bbox 1057 477 1143 558; x_wconf 83' lang='lat' dir='ltr'>istos,</span> 
     </span>
     <span class='ocr_line' id='line_1_3' title="bbox 271 583 963 668; baseline -0.004 -20"><span class='ocrx_word' id='word_1_13' title='bbox 271 585 322 668; x_wconf 87' lang='lat' dir='ltr'>qui</span> <span class='ocrx_word' id='word_1_14' title='bbox 343 583 457 649; x_wconf 84' lang='lat' dir='ltr'>fluxere</span> <span class='ocrx_word' id='word_1_15' title='bbox 479 583 554 664; x_wconf 91' lang='lat' dir='ltr'>dies,</span> <span class='ocrx_word' id='word_1_16' title='bbox 577 583 681 666; x_wconf 83' lang='lat' dir='ltr'>elapso</span> <span class='ocrx_word' id='word_1_17' title='bbox 703 600 763 648; x_wconf 84' lang='lat' dir='ltr'>nex</span> <span class='ocrx_word' id='word_1_18' title='bbox 785 585 851 653; x_wconf 78' lang='lat' dir='ltr'>erat</span> <span class='ocrx_word' id='word_1_19' title='bbox 873 599 963 662; x_wconf 87' lang='lat' dir='ltr'>anne,</span> 
     </span>
     <span class='ocr_line' id='line_1_4' title="bbox 270 685 1003 753; baseline -0.005 0"><span class='ocrx_word' id='word_1_20' title='bbox 270 705 341 752; x_wconf 86' lang='lat' dir='ltr'>sum</span> <span class='ocrx_word' id='word_1_21' title='bbox 362 688 447 753; x_wconf 84' lang='lat' dir='ltr'>furer</span> <span class='ocrx_word' id='word_1_22' title='bbox 469 703 616 752; x_wconf 83' lang='lat' dir='ltr'>aseensus</span> <span class='ocrx_word' id='word_1_23' title='bbox 638 686 759 751; x_wconf 90' lang='lat' dir='ltr'>diuinae</span> <span class='ocrx_word' id='word_1_24' title='bbox 782 685 918 750; x_wconf 87' lang='lat' dir='ltr'>motibus</span> <span class='ocrx_word' id='word_1_25' title='bbox 939 686 1003 749; x_wconf 91' lang='lat' dir='ltr'>irae</span> 
     </span>
     <span class='ocr_line' id='line_1_5' title="bbox 269 788 988 856; baseline -0.006 0"><span class='ocrx_word' id='word_1_26' title='bbox 269 791 397 856; x_wconf 87' lang='lat' dir='ltr'>inmisso</span> <span class='ocrx_word' id='word_1_27' title='bbox 418 790 515 856; x_wconf 86' lang='lat' dir='ltr'>Latiis</span> <span class='ocrx_word' id='word_1_28' title='bbox 539 791 659 856; x_wconf 82' lang='lat' dir='ltr'>arderet</span> <span class='ocrx_word' id='word_1_29' title='bbox 680 789 713 855; x_wconf 94' lang='lat' dir='ltr'>in</span> <span class='ocrx_word' id='word_1_30' title='bbox 733 788 862 854; x_wconf 81' lang='lat' dir='ltr'><strong>urbibus</strong></span> <span class='ocrx_word' id='word_1_31' title='bbox 884 789 988 855; x_wconf 83' lang='lat' dir='ltr'>hostel</span> 
     </span>
     <span class='ocr_line' id='line_1_6' title="bbox 270 891 1069 978; baseline -0.003 -19"><span class='ocrx_word' id='word_1_32' title='bbox 270 912 352 959; x_wconf 87' lang='lat' dir='ltr'>nune</span> <span class='ocrx_word' id='word_1_33' title='bbox 373 895 482 960; x_wconf 88' lang='lat' dir='ltr'>itidem</span> <span class='ocrx_word' id='word_1_34' title='bbox 503 894 617 978; x_wconf 82' lang='lat' dir='ltr'>placidi</span> <span class='ocrx_word' id='word_1_35' title='bbox 637 897 774 978; x_wconf 81' lang='lat' dir='ltr'>spectate</span> <span class='ocrx_word' id='word_1_36' title='bbox 796 893 934 977; x_wconf 82' lang='lat' dir='ltr'>petentia</span> <span class='ocrx_word' id='word_1_37' title='bbox 955 891 1069 958; x_wconf 76' lang='lat' dir='ltr'>Christi</span> 
     </span>
    </p>

    <p class='ocr_par' dir='ltr' id='par_1_3' title="bbox 209 997 1053 1081">
     <span class='ocr_line' id='line_1_7' title="bbox 209 997 1053 1081; baseline -0.001 -19"><span class='ocrx_word' id='word_1_38' title='bbox 209 1007 248 1062; x_wconf 81' lang='lat'>20</span> <span class='ocrx_word' id='word_1_39' title='bbox 270 1016 414 1074; x_wconf 72' lang='lat' dir='ltr'>maneum</span> <span class='ocrx_word' id='word_1_40' title='bbox 436 999 581 1064; x_wconf 81' lang='lat' dir='ltr'>mactatis</span> <span class='ocrx_word' id='word_1_41' title='bbox 603 998 717 1081; x_wconf 89' lang='lat' dir='ltr'>pariter</span> <span class='ocrx_word' id='word_1_42' title='bbox 739 1014 811 1061; x_wconf 83' lang='lat' dir='ltr'>eum</span> <span class='ocrx_word' id='word_1_43' title='bbox 832 1015 904 1080; x_wconf 83' lang='lat' dir='ltr'>rege</span> <span class='ocrx_word' id='word_1_44' title='bbox 925 997 1053 1080; x_wconf 82' lang='lat' dir='ltr'>profane</span> 
     </span>
    </p>

    <p class='ocr_par' dir='ltr' id='par_1_4' title="bbox 151 1095 1131 1497">
     <span class='ocr_line' id='line_1_8' title="bbox 151 1095 954 1187; baseline -0.004 -19"><span class='ocrx_word' id='word_1_45' title='bbox 151 1095 152 1098; x_wconf 62' lang='grc'>’</span> <span class='ocrx_word' id='word_1_46' title='bbox 268 1101 408 1167; x_wconf 88' lang='lat' dir='ltr'>hostibus</span> <span class='ocrx_word' id='word_1_47' title='bbox 431 1101 566 1187; x_wconf 77' lang='lat' dir='ltr'><strong>Augusti</strong></span> <span class='ocrx_word' id='word_1_48' title='bbox 588 1101 675 1185; x_wconf 81' lang='lat' dir='ltr'>pueri</span> <span class='ocrx_word' id='word_1_49' title='bbox 697 1101 825 1166; x_wconf 76' lang='lat' dir='ltr'>uictoria</span> <span class='ocrx_word' id='word_1_50' title='bbox 846 1118 954 1184; x_wconf 82' lang='lat' dir='ltr'>pacem</span> 
     </span>
     <span class='ocr_line' id='line_1_9' title="bbox 268 1203 1131 1288; baseline -0.002 -18"><span class='ocrx_word' id='word_1_51' title='bbox 268 1204 410 1286; x_wconf 79' lang='lat' dir='ltr'>reddidit,</span> <span class='ocrx_word' id='word_1_52' title='bbox 433 1210 525 1288; x_wconf 87' lang='lat' dir='ltr'>atque</span> <span class='ocrx_word' id='word_1_53' title='bbox 548 1205 637 1269; x_wconf 91' lang='lat' dir='ltr'>annis</span> <span class='ocrx_word' id='word_1_54' title='bbox 660 1208 746 1288; x_wconf 83' lang='lat' dir='ltr'>tener</span> <span class='ocrx_word' id='word_1_55' title='bbox 767 1204 851 1269; x_wconf 89' lang='lat' dir='ltr'>idem</span> <span class='ocrx_word' id='word_1_56' title='bbox 872 1204 960 1268; x_wconf 85' lang='lat' dir='ltr'>sertis</span> <span class='ocrx_word' id='word_1_57' title='bbox 982 1205 1014 1269; x_wconf 93' lang='lat' dir='ltr'>in</span> <span class='ocrx_word' id='word_1_58' title='bbox 1037 1203 1131 1268; x_wconf 87' lang='lat' dir='ltr'>armis</span> 
     </span>
     <span class='ocr_line' id='line_1_10' title="bbox 267 1308 980 1392; baseline 0 -20"><span class='ocrx_word' id='word_1_59' title='bbox 267 1308 441 1392; x_wconf 78' lang='lat' dir='ltr'>praemaluit</span> <span class='ocrx_word' id='word_1_60' title='bbox 462 1309 577 1374; x_wconf 90' lang='lat' dir='ltr'>uirtute</span> <span class='ocrx_word' id='word_1_61' title='bbox 600 1308 649 1372; x_wconf 93' lang='lat' dir='ltr'>dei</span> <span class='ocrx_word' id='word_1_62' title='bbox 671 1312 702 1373; x_wconf 91' lang='lat' dir='ltr'>et</span> <span class='ocrx_word' id='word_1_63' title='bbox 724 1308 866 1372; x_wconf 85' lang='lat' dir='ltr'>mortalia</span> <span class='ocrx_word' id='word_1_64' title='bbox 887 1308 980 1391; x_wconf 83' lang='lat' dir='ltr'>tregit</span> 
     </span>
     <span class='ocr_line' id='line_1_11' title="bbox 267 1410 1112 1497; baseline 0 -21"><span class='ocrx_word' id='word_1_65' title='bbox 267 1411 378 1478; x_wconf 84' lang='lat' dir='ltr'>rubera</span> <span class='ocrx_word' id='word_1_66' title='bbox 399 1412 584 1497; x_wconf 77' lang='lat' dir='ltr'>sacrilegum</span> <span class='ocrx_word' id='word_1_67' title='bbox 607 1410 727 1477; x_wconf 81' lang='lat' dir='ltr'>Christo</span> <span class='ocrx_word' id='word_1_68' title='bbox 750 1415 914 1495; x_wconf 79' lang='lat' dir='ltr'>superante</span> <span class='ocrx_word' id='word_1_69' title='bbox 933 1415 1112 1495; x_wconf 85' lang='lat' dir='ltr'>tyrannum.</span> 
     </span>
    </p>

    <p class='ocr_par' dir='ltr' id='par_1_5' title="bbox 206 1516 1283 2016">
     <span class='ocr_line' id='line_1_12' title="bbox 206 1516 1283 1602; baseline 0.001 -23"><span class='ocrx_word' id='word_1_70' title='bbox 206 1525 245 1579; x_wconf 78' lang='lat'>25</span> <span class='ocrx_word' id='word_1_71' title='bbox 269 1516 323 1580; x_wconf 92' lang='lat' dir='ltr'>sed</span> <span class='ocrx_word' id='word_1_72' title='bbox 345 1516 418 1599; x_wconf 88' lang='lat' dir='ltr'>quid</span> <span class='ocrx_word' id='word_1_73' title='bbox 441 1534 497 1601; x_wconf 82' lang='lat' dir='ltr'>ego</span> <span class='ocrx_word' id='word_1_74' title='bbox 519 1516 592 1581; x_wconf 86' lang='lat' dir='ltr'>hine</span> <span class='ocrx_word' id='word_1_75' title='bbox 614 1516 704 1580; x_wconf 90' lang='lat' dir='ltr'>mede</span> <span class='ocrx_word' id='word_1_76' title='bbox 724 1517 812 1599; x_wconf 88' lang='lat' dir='ltr'>plura</span> <span class='ocrx_word' id='word_1_77' title='bbox 831 1516 948 1602; x_wconf 74' lang='lat' dir='ltr'>lequar,</span> <span class='ocrx_word' id='word_1_78' title='bbox 969 1516 1050 1599; x_wconf 89' lang='lat' dir='ltr'>qued</span> <span class='ocrx_word' id='word_1_79' title='bbox 1069 1534 1130 1580; x_wconf 91' lang='lat' dir='ltr'>nen</span> <span class='ocrx_word' id='word_1_80' title='bbox 1151 1516 1283 1598; x_wconf 83' lang='lat' dir='ltr'>speciale</span> 
     </span>
     <span class='ocr_line' id='line_1_13' title="bbox 268 1619 1065 1703; baseline 0 -19"><span class='ocrx_word' id='word_1_81' title='bbox 268 1639 336 1684; x_wconf 88' lang='lat' dir='ltr'>esse</span> <span class='ocrx_word' id='word_1_82' title='bbox 358 1621 420 1685; x_wconf 92' lang='lat' dir='ltr'>mei</span> <span class='ocrx_word' id='word_1_83' title='bbox 442 1620 553 1685; x_wconf 81' lang='lat' dir='ltr'>Felicis</span> <span class='ocrx_word' id='word_1_84' title='bbox 575 1637 652 1703; x_wconf 85' lang='lat' dir='ltr'>epus</span> <span class='ocrx_word' id='word_1_85' title='bbox 675 1639 724 1684; x_wconf 86' lang='lat' dir='ltr'>res</span> <span class='ocrx_word' id='word_1_86' title='bbox 746 1619 871 1702; x_wconf 86' lang='lat' dir='ltr'>publiea</span> <span class='ocrx_word' id='word_1_87' title='bbox 892 1622 1065 1686; x_wconf 80' lang='lat' dir='ltr'>monstrat?</span> 
     </span>
     <span class='ocr_line' id='line_1_14' title="bbox 266 1723 1123 1807; baseline 0 -19"><span class='ocrx_word' id='word_1_88' title='bbox 266 1723 406 1807; x_wconf 87' lang='lat' dir='ltr'>pluribus</span> <span class='ocrx_word' id='word_1_89' title='bbox 428 1725 504 1789; x_wconf 86' lang='lat' dir='ltr'>haee</span> <span class='ocrx_word' id='word_1_90' title='bbox 528 1724 640 1789; x_wconf 83' lang='lat' dir='ltr'>etenim</span> <span class='ocrx_word' id='word_1_91' title='bbox 664 1741 757 1788; x_wconf 89' lang='lat' dir='ltr'>eausa</span> <span class='ocrx_word' id='word_1_92' title='bbox 779 1728 827 1788; x_wconf 88' lang='lat' dir='ltr'>est</span> <span class='ocrx_word' id='word_1_93' title='bbox 848 1727 955 1788; x_wconf 80' lang='lat' dir='ltr'>durata</span> <span class='ocrx_word' id='word_1_94' title='bbox 976 1725 1123 1807; x_wconf 84' lang='lat' dir='ltr'>patronis,</span> 
     </span>
     <span class='ocr_line' id='line_1_15' title="bbox 267 1827 1040 1910; baseline 0.001 -19"><span class='ocrx_word' id='word_1_95' title='bbox 267 1831 303 1893; x_wconf 94' lang='lat' dir='ltr'>ut</span> <span class='ocrx_word' id='word_1_96' title='bbox 323 1828 464 1894; x_wconf 82' lang='lat' dir='ltr'>Romana</span> <span class='ocrx_word' id='word_1_97' title='bbox 486 1829 569 1893; x_wconf 89' lang='lat' dir='ltr'>salus</span> <span class='ocrx_word' id='word_1_98' title='bbox 592 1831 623 1893; x_wconf 93' lang='lat' dir='ltr'>et</span> <span class='ocrx_word' id='word_1_99' title='bbox 644 1827 768 1910; x_wconf 89' lang='lat' dir='ltr'>publiea</span> <span class='ocrx_word' id='word_1_100' title='bbox 788 1829 854 1891; x_wconf 88' lang='lat' dir='ltr'>uita</span> <span class='ocrx_word' id='word_1_101' title='bbox 875 1831 1040 1893; x_wconf 68' lang='lat' dir='ltr'>maneret⁴</span> 
     </span>
     <span class='ocr_line' id='line_1_16' title="bbox 268 1931 1230 2016; baseline 0.002 -20"><span class='ocrx_word' id='word_1_102' title='bbox 268 1932 317 1996; x_wconf 86' lang='lat' dir='ltr'>hie</span> <span class='ocrx_word' id='word_1_103' title='bbox 339 1933 461 2013; x_wconf 85' lang='lat' dir='ltr'>Petrus,</span> <span class='ocrx_word' id='word_1_104' title='bbox 483 1932 534 1996; x_wconf 89' lang='lat' dir='ltr'>hie</span> <span class='ocrx_word' id='word_1_105' title='bbox 555 1931 670 1996; x_wconf 90' lang='lat' dir='ltr'>Paulus</span> <span class='ocrx_word' id='word_1_106' title='bbox 692 1949 844 2016; x_wconf 79' lang='lat' dir='ltr'>proceres,</span> <span class='ocrx_word' id='word_1_107' title='bbox 866 1931 916 1996; x_wconf 85' lang='lat' dir='ltr'>hie</span> <span class='ocrx_word' id='word_1_108' title='bbox 937 1934 1089 2016; x_wconf 79' lang='lat' dir='ltr'>martyres</span> <span class='ocrx_word' id='word_1_109' title='bbox 1111 1950 1230 2014; x_wconf 85' lang='lat' dir='ltr'>omnes,</span> 
     </span>
    </p>

    <p class='ocr_par' dir='ltr' id='par_1_6' title="bbox 206 2036 1189 2431">
     <span class='ocr_line' id='line_1_17' title="bbox 206 2036 1189 2119; baseline 0.002 -21"><span class='ocrx_word' id='word_1_110' title='bbox 206 2043 247 2099; x_wconf 85' lang='lat'>30</span> <span class='ocrx_word' id='word_1_111' title='bbox 270 2054 347 2117; x_wconf 87' lang='lat' dir='ltr'>ques</span> <span class='ocrx_word' id='word_1_112' title='bbox 370 2036 464 2101; x_wconf 89' lang='lat' dir='ltr'>simul</span> <span class='ocrx_word' id='word_1_113' title='bbox 486 2036 663 2101; x_wconf 84' lang='lat' dir='ltr'>innumerus</span> <span class='ocrx_word' id='word_1_114' title='bbox 685 2053 817 2119; x_wconf 78' lang='lat' dir='ltr'>magnae</span> <span class='ocrx_word' id='word_1_115' title='bbox 839 2038 925 2100; x_wconf 91' lang='lat' dir='ltr'>tenet</span> <span class='ocrx_word' id='word_1_116' title='bbox 947 2036 1081 2101; x_wconf 85' lang='lat' dir='ltr'>ambitus</span> <span class='ocrx_word' id='word_1_117' title='bbox 1104 2036 1189 2101; x_wconf 89' lang='lat' dir='ltr'>urbis</span> 
     </span>
     <span class='ocr_line' id='line_1_18' title="bbox 266 2139 1065 2224; baseline 0.001 -21"><span class='ocrx_word' id='word_1_118' title='bbox 266 2158 403 2222; x_wconf 86' lang='lat' dir='ltr'>quosque</span> <span class='ocrx_word' id='word_1_119' title='bbox 425 2158 480 2223; x_wconf 81' lang='lat' dir='ltr'>per</span> <span class='ocrx_word' id='word_1_120' title='bbox 501 2140 681 2205; x_wconf 90' lang='lat' dir='ltr'>innumeras</span> <span class='ocrx_word' id='word_1_121' title='bbox 704 2139 812 2204; x_wconf 83' lang='lat' dir='ltr'>diffu&#39;se</span> <span class='ocrx_word' id='word_1_122' title='bbox 834 2139 935 2204; x_wconf 89' lang='lat' dir='ltr'>hmite</span> <span class='ocrx_word' id='word_1_123' title='bbox 957 2143 1065 2224; x_wconf 85' lang='lat' dir='ltr'>gentes</span> 
     </span>
     <span class='ocr_line' id='line_1_19' title="bbox 267 2243 968 2325; baseline 0.001 -18"><span class='ocrx_word' id='word_1_124' title='bbox 267 2243 348 2308; x_wconf 86' lang='lat' dir='ltr'>inira</span> <span class='ocrx_word' id='word_1_125' title='bbox 369 2243 535 2308; x_wconf 83' lang='lat' dir='ltr'>Romuleos</span> <span class='ocrx_word' id='word_1_126' title='bbox 559 2247 724 2309; x_wconf 83' lang='lat' dir='ltr'>ueneratur</span> <span class='ocrx_word' id='word_1_127' title='bbox 747 2244 858 2309; x_wconf 79' lang='lat' dir='ltr'>eclesia</span> <span class='ocrx_word' id='word_1_128' title='bbox 879 2243 968 2325; x_wconf 88' lang='lat' dir='ltr'>fines,</span> 
     </span>
     <span class='ocr_line' id='line_1_20' title="bbox 267 2347 964 2431; baseline -0.001 -19"><span class='ocrx_word' id='word_1_129' title='bbox 267 2347 414 2424; x_wconf 78' lang='lat' dir='ltr'>sellicitus</span> <span class='ocrx_word' id='word_1_130' title='bbox 437 2347 530 2411; x_wconf 90' lang='lat' dir='ltr'>simul</span> <span class='ocrx_word' id='word_1_131' title='bbox 551 2349 680 2431; x_wconf 88' lang='lat' dir='ltr'>inpense</span> <span class='ocrx_word' id='word_1_132' title='bbox 703 2347 815 2411; x_wconf 82' lang='lat' dir='ltr'>duxere</span> <span class='ocrx_word' id='word_1_133' title='bbox 837 2351 964 2431; x_wconf 80' lang='lat' dir='ltr'>precatu</span> 
     </span>
    </p>

    <p class='ocr_par' dir='ltr' id='par_1_7' title="bbox 169 2449 1059 2534">
     <span class='ocr_line' id='line_1_21' title="bbox 169 2449 1059 2534; baseline 0.003 -21"><span class='ocrx_word' id='word_1_134' title='bbox 169 2489 171 2492; x_wconf 55' lang='lat'>&lt;</span> <span class='ocrx_word' id='word_1_135' title='bbox 267 2449 420 2515; x_wconf 81' lang='lat' dir='ltr'>excubias.</span> <span class='ocrx_word' id='word_1_136' title='bbox 443 2450 528 2515; x_wconf 81' lang='lat' dir='ltr'>Felix</span> <span class='ocrx_word' id='word_1_137' title='bbox 551 2470 638 2516; x_wconf 88' lang='lat' dir='ltr'>meus</span> <span class='ocrx_word' id='word_1_138' title='bbox 661 2451 708 2516; x_wconf 92' lang='lat' dir='ltr'>his</span> <span class='ocrx_word' id='word_1_139' title='bbox 730 2453 817 2516; x_wconf 89' lang='lat' dir='ltr'>uelut</span> <span class='ocrx_word' id='word_1_140' title='bbox 839 2470 920 2516; x_wconf 90' lang='lat' dir='ltr'>unus</span> <span class='ocrx_word' id='word_1_141' title='bbox 943 2470 1059 2534; x_wconf 84' lang='lat' dir='ltr'>eorum,</span> 
     </span>
    </p>

    <p class='ocr_par' dir='ltr' id='par_1_8' title="bbox 205 2554 1169 3054">
     <span class='ocr_line' id='line_1_22' title="bbox 205 2554 1123 2640; baseline 0.003 -23"><span class='ocrx_word' id='word_1_142' title='bbox 205 2561 246 2616; x_wconf 81' lang='lat'>35</span> <span class='ocrx_word' id='word_1_143' title='bbox 270 2554 302 2618; x_wconf 94' lang='lat' dir='ltr'>in</span> <span class='ocrx_word' id='word_1_144' title='bbox 325 2554 466 2637; x_wconf 76' lang='lat' dir='ltr'>precibus</span> <span class='ocrx_word' id='word_1_145' title='bbox 488 2572 559 2637; x_wconf 86' lang='lat' dir='ltr'>pars</span> <span class='ocrx_word' id='word_1_146' title='bbox 582 2573 696 2639; x_wconf 86' lang='lat' dir='ltr'>magna</span> <span class='ocrx_word' id='word_1_147' title='bbox 717 2555 790 2631; x_wconf 77' lang='lat' dir='ltr'>fuit3</span> <span class='ocrx_word' id='word_1_148' title='bbox 813 2555 868 2619; x_wconf 94' lang='lat' dir='ltr'>sed</span> <span class='ocrx_word' id='word_1_149' title='bbox 891 2574 1013 2621; x_wconf 91' lang='lat' dir='ltr'>summa</span> <span class='ocrx_word' id='word_1_150' title='bbox 1034 2557 1123 2640; x_wconf 81' lang='lat' dir='ltr'>petiti</span> 
     </span>
     <span class='ocr_line' id='line_1_23' title="bbox 267 2658 1026 2742; baseline 0.004 -21"><span class='ocrx_word' id='word_1_151' title='bbox 267 2658 404 2722; x_wconf 90' lang='lat' dir='ltr'>muneris</span> <span class='ocrx_word' id='word_1_152' title='bbox 428 2658 465 2721; x_wconf 94' lang='lat' dir='ltr'>ad</span> <span class='ocrx_word' id='word_1_153' title='bbox 488 2661 625 2739; x_wconf 85' lang='lat' dir='ltr'>eunetes,</span> <span class='ocrx_word' id='word_1_154' title='bbox 648 2659 725 2722; x_wconf 87' lang='lat' dir='ltr'>nulh</span> <span class='ocrx_word' id='word_1_155' title='bbox 746 2659 868 2742; x_wconf 80' lang='lat' dir='ltr'>priuata</span> <span class='ocrx_word' id='word_1_156' title='bbox 889 2660 1026 2724; x_wconf 89' lang='lat' dir='ltr'>refertur.</span> 
     </span>
     <span class='ocr_line' id='line_1_24' title="bbox 266 2761 1169 2846; baseline 0.007 -22"><span class='ocrx_word' id='word_1_157' title='bbox 266 2778 338 2844; x_wconf 84' lang='lat' dir='ltr'>erge</span> <span class='ocrx_word' id='word_1_158' title='bbox 361 2761 470 2845; x_wconf 84' lang='lat' dir='ltr'>pedem</span> <span class='ocrx_word' id='word_1_159' title='bbox 493 2762 640 2836; x_wconf 89' lang='lat' dir='ltr'>referam;</span> <span class='ocrx_word' id='word_1_160' title='bbox 664 2766 712 2826; x_wconf 90' lang='lat' dir='ltr'>sat</span> <span class='ocrx_word' id='word_1_161' title='bbox 735 2762 818 2826; x_wconf 90' lang='lat' dir='ltr'>enim</span> <span class='ocrx_word' id='word_1_162' title='bbox 841 2763 917 2827; x_wconf 91' lang='lat' dir='ltr'>mihi</span> <span class='ocrx_word' id='word_1_163' title='bbox 939 2781 1037 2846; x_wconf 82' lang='lat' dir='ltr'>pausa</span> <span class='ocrx_word' id='word_1_164' title='bbox 1057 2765 1169 2846; x_wconf 84' lang='lat' dir='ltr'>luente,</span> 
     </span>
     <span class='ocr_line' id='line_1_25' title="bbox 264 2864 1057 2948; baseline 0.006 -21"><span class='ocrx_word' id='word_1_165' title='bbox 264 2864 345 2930; x_wconf 89' lang='lat' dir='ltr'>unde</span> <span class='ocrx_word' id='word_1_166' title='bbox 367 2865 445 2930; x_wconf 94' lang='lat' dir='ltr'>nihil</span> <span class='ocrx_word' id='word_1_167' title='bbox 466 2865 623 2948; x_wconf 87' lang='lat' dir='ltr'>preprium</span> <span class='ocrx_word' id='word_1_168' title='bbox 646 2867 765 2931; x_wconf 88' lang='lat' dir='ltr'>meritis</span> <span class='ocrx_word' id='word_1_169' title='bbox 788 2866 899 2931; x_wconf 79' lang='lat' dir='ltr'>Felicis</span> <span class='ocrx_word' id='word_1_170' title='bbox 922 2867 1057 2944; x_wconf 67' lang='lat' dir='ltr'>adessem</span> 
     </span>
     <span class='ocr_line' id='line_1_26' title="bbox 266 2969 1053 3054; baseline 0.004 -21"><span class='ocrx_word' id='word_1_171' title='bbox 266 2985 323 3033; x_wconf 85' lang='lat' dir='ltr'>nes</span> <span class='ocrx_word' id='word_1_172' title='bbox 343 2970 471 3034; x_wconf 79' lang='lat' dir='ltr'>retinere</span> <span class='ocrx_word' id='word_1_173' title='bbox 493 2973 599 3034; x_wconf 91' lang='lat' dir='ltr'>tamen</span> <span class='ocrx_word' id='word_1_174' title='bbox 620 2971 715 3053; x_wconf 77' lang='lat' dir='ltr'>poturi,</span> <span class='ocrx_word' id='word_1_175' title='bbox 739 2970 811 3053; x_wconf 90' lang='lat' dir='ltr'>quia</span> <span class='ocrx_word' id='word_1_176' title='bbox 832 2969 931 3054; x_wconf 80' lang='lat' dir='ltr'>pertis</span> <span class='ocrx_word' id='word_1_177' title='bbox 953 2972 1053 3037; x_wconf 88' lang='lat' dir='ltr'>laudis</span> 
     </span>
    </p>

    <p class='ocr_par' dir='ltr' id='par_1_9' title="bbox 200 3070 1178 3574">
     <span class='ocr_line' id='line_1_27' title="bbox 200 3070 1161 3160; baseline 0.006 -26"><span class='ocrx_word' id='word_1_178' title='bbox 200 3079 243 3134; x_wconf 82' lang='lat'>40</span> <span class='ocrx_word' id='word_1_179' title='bbox 265 3070 337 3137; x_wconf 89' lang='lat' dir='ltr'>hine</span> <span class='ocrx_word' id='word_1_180' title='bbox 360 3091 480 3156; x_wconf 88' lang='lat' dir='ltr'>quoque</span> <span class='ocrx_word' id='word_1_181' title='bbox 501 3074 597 3139; x_wconf 79' lang='lat' dir='ltr'>Felici</span> <span class='ocrx_word' id='word_1_182' title='bbox 619 3074 753 3155; x_wconf 85' lang='lat' dir='ltr'>suberat,</span> <span class='ocrx_word' id='word_1_183' title='bbox 777 3075 858 3157; x_wconf 87' lang='lat' dir='ltr'>qued</span> <span class='ocrx_word' id='word_1_184' title='bbox 880 3094 1004 3140; x_wconf 88' lang='lat' dir='ltr'>summa</span> <span class='ocrx_word' id='word_1_185' title='bbox 1023 3080 1161 3160; x_wconf 87' lang='lat' dir='ltr'>potestas</span> 
     </span>
     <span class='ocr_line' id='line_1_28' title="bbox 263 3177 1153 3262; baseline 0.006 -22"><span class='ocrx_word' id='word_1_186' title='bbox 263 3194 376 3260; x_wconf 82' lang='lat' dir='ltr'>rexque</span> <span class='ocrx_word' id='word_1_187' title='bbox 398 3181 508 3260; x_wconf 89' lang='lat' dir='ltr'>petens</span> <span class='ocrx_word' id='word_1_188' title='bbox 530 3197 639 3262; x_wconf 84' lang='lat' dir='ltr'>regum</span> <span class='ocrx_word' id='word_1_189' title='bbox 662 3177 802 3244; x_wconf 76' lang='lat' dir='ltr'>Christus</span> <span class='ocrx_word' id='word_1_190' title='bbox 825 3180 900 3244; x_wconf 88' lang='lat' dir='ltr'>deus</span> <span class='ocrx_word' id='word_1_191' title='bbox 923 3180 1068 3245; x_wconf 84' lang='lat' dir='ltr'>omnibns</span> <span class='ocrx_word' id='word_1_192' title='bbox 1090 3199 1153 3245; x_wconf 88' lang='lat' dir='ltr'>una</span> 
     </span>
     <span class='ocr_line' id='line_1_29' title="bbox 264 3274 1178 3368; baseline 0.007 -24"><span class='ocrx_word' id='word_1_193' title='bbox 264 3279 413 3345; x_wconf 87' lang='lat' dir='ltr'>adnuerat</span> <span class='ocrx_word' id='word_1_194' title='bbox 434 3281 560 3361; x_wconf 87' lang='lat' dir='ltr'>sanetis,</span> <span class='ocrx_word' id='word_1_195' title='bbox 584 3274 694 3363; x_wconf 82' lang='lat' dir='ltr'>quibus</span> <span class='ocrx_word' id='word_1_196' title='bbox 717 3284 748 3347; x_wconf 94' lang='lat' dir='ltr'>in</span> <span class='ocrx_word' id='word_1_197' title='bbox 770 3302 863 3368; x_wconf 85' lang='lat' dir='ltr'>grege</span> <span class='ocrx_word' id='word_1_198' title='bbox 886 3285 1022 3368; x_wconf 81' lang='lat' dir='ltr'>supplies</span> <span class='ocrx_word' id='word_1_199' title='bbox 1049 3287 1178 3350; x_wconf 80' lang='lat' dir='ltr'>mixtum</span> 
     </span>
     <span class='ocr_line' id='line_1_30' title="bbox 264 3382 969 3472; baseline 0.01 -26"><span class='ocrx_word' id='word_1_200' title='bbox 264 3382 397 3448; x_wconf 75' lang='lat' dir='ltr'>Felicem</span> <span class='ocrx_word' id='word_1_201' title='bbox 420 3385 509 3468; x_wconf 88' lang='lat' dir='ltr'>parili</span> <span class='ocrx_word' id='word_1_202' title='bbox 532 3384 650 3450; x_wconf 89' lang='lat' dir='ltr'>audiuit</span> <span class='ocrx_word' id='word_1_203' title='bbox 671 3387 785 3469; x_wconf 88' lang='lat' dir='ltr'>pietate</span> <span class='ocrx_word' id='word_1_204' title='bbox 807 3387 969 3472; x_wconf 83' lang='lat' dir='ltr'>benignus.</span> 
     </span>
     <span class='ocr_line' id='line_1_31' title="bbox 264 3488 1102 3574; baseline 0.007 -23"><span class='ocrx_word' id='word_1_205' title='bbox 264 3503 389 3570; x_wconf 84' lang='lat' dir='ltr'>paream</span> <span class='ocrx_word' id='word_1_206' title='bbox 410 3488 505 3572; x_wconf 84' lang='lat' dir='ltr'>igitur</span> <span class='ocrx_word' id='word_1_207' title='bbox 527 3490 657 3573; x_wconf 84' lang='lat' dir='ltr'>propriis</span> <span class='ocrx_word' id='word_1_208' title='bbox 681 3490 847 3574; x_wconf 83' lang='lat' dir='ltr'>adiungere</span> <span class='ocrx_word' id='word_1_209' title='bbox 869 3492 994 3574; x_wconf 89' lang='lat' dir='ltr'>pubhea</span> <span class='ocrx_word' id='word_1_210' title='bbox 1015 3492 1102 3558; x_wconf 87' lang='lat' dir='ltr'>denis</span> 
     </span>
    </p>

    <p class='ocr_par' dir='ltr' id='par_1_10' title="bbox 199 3592 1040 3677">
     <span class='ocr_line' id='line_1_32' title="bbox 199 3592 1040 3677; baseline 0.01 -23"><span class='ocrx_word' id='word_1_211' title='bbox 199 3597 241 3653; x_wconf 81' lang='lat'>45</span> <span class='ocrx_word' id='word_1_212' title='bbox 264 3608 393 3657; x_wconf 87' lang='lat' dir='ltr'>munera</span> <span class='ocrx_word' id='word_1_213' title='bbox 414 3592 612 3676; x_wconf 84' lang='lat' dir='ltr'>priuatusque</span> <span class='ocrx_word' id='word_1_214' title='bbox 635 3612 744 3658; x_wconf 83' lang='lat' dir='ltr'>uanam</span> <span class='ocrx_word' id='word_1_215' title='bbox 768 3595 877 3660; x_wconf 79' lang='lat' dir='ltr'>Felicis</span> <span class='ocrx_word' id='word_1_216' title='bbox 900 3597 1040 3677; x_wconf 83' lang='lat' dir='ltr'>honores,</span> 
     </span>
    </p>
   </div>
   <div class='ocr_carea' id='block_1_3' title="bbox 154 3847 1278 4302">
    <p class='ocr_par' dir='ltr' id='par_1_11' title="bbox 154 3847 1278 4302">
     <span class='ocr_line' id='line_1_33' title="bbox 202 3847 1278 3963; baseline 0.012 -25"><span class='ocrx_word' id='word_1_217' title='bbox 202 3885 237 3939; x_wconf 80' lang='lat'>15</span> <span class='ocrx_word' id='word_1_218' title='bbox 255 3884 325 3937; x_wconf 82' lang='lat' dir='ltr'>tetra</span> <span class='ocrx_word' id='word_1_219' title='bbox 339 3884 400 3940; x_wconf 78' lang='lat' dir='ltr'>DE</span> <span class='ocrx_word' id='word_1_220' title='bbox 449 3888 481 3942; x_wconf 89' lang='lat'>18</span> <span class='ocrx_word' id='word_1_221' title='bbox 499 3847 629 3943; x_wconf 43' lang='lat' dir='ltr'>arderem</span> <span class='ocrx_word' id='word_1_222' title='bbox 680 3889 708 3942; x_wconf 92' lang='lat' dir='ltr'>iu</span> <span class='ocrx_word' id='word_1_223' title='bbox 725 3884 848 3960; x_wconf 88' lang='lat' dir='ltr'>urbibus]</span> <span class='ocrx_word' id='word_1_224' title='bbox 866 3889 1015 3946; x_wconf 83' lang='lat' dir='ltr'>milibusE</span> <span class='ocrx_word' id='word_1_225' title='bbox 1066 3895 1098 3949; x_wconf 85' lang='lat'>19</span> <span class='ocrx_word' id='word_1_226' title='bbox 1116 3897 1278 3963; x_wconf 66' lang='lat' dir='ltr'>spectaturi.</span> 
     </span>
     <span class='ocr_line' id='line_1_34' title="bbox 154 3970 1271 4049; baseline 0.015 -27"><span class='ocrx_word' id='word_1_227' title='bbox 154 3971 277 4040; x_wconf 76' lang='lat' dir='ltr'>speetata</span> <span class='ocrx_word' id='word_1_228' title='bbox 293 3970 352 4024; x_wconf 82' lang='lat' dir='ltr'>DE</span> <span class='ocrx_word' id='word_1_229' title='bbox 418 3974 576 4028; x_wconf 74' lang='lat' dir='ltr'>tenueere</span> <span class='ocrx_word' id='word_1_230' title='bbox 593 3976 667 4029; x_wconf 82' lang='lat' dir='ltr'>Mur.</span> <span class='ocrx_word' id='word_1_231' title='bbox 735 3978 769 4032; x_wconf 76' lang='lat'>22</span> <span class='ocrx_word' id='word_1_232' title='bbox 786 3975 875 4031; x_wconf 90' lang='lat' dir='ltr'>reddit</span> <span class='ocrx_word' id='word_1_233' title='bbox 891 3978 946 4032; x_wconf 27' lang='lat' dir='ltr'>D,</span> <span class='ocrx_word' id='word_1_234' title='bbox 983 3978 1066 4049; x_wconf 88' lang='lat' dir='ltr'>idem]</span> <span class='ocrx_word' id='word_1_235' title='bbox 1084 3983 1110 4033; x_wconf 89' lang='lat' dir='ltr'>et</span> <span class='ocrx_word' id='word_1_236' title='bbox 1127 3982 1190 4036; x_wconf 84' lang='lat' dir='ltr'>add.</span> <span class='ocrx_word' id='word_1_237' title='bbox 1204 3985 1271 4038; x_wconf 89' lang='lat' dir='ltr'>Mm·</span> 
     </span>
     <span class='ocr_line' id='line_1_35' title="bbox 154 4055 1277 4131; baseline 0.011 -19"><span class='ocrx_word' id='word_1_238' title='bbox 154 4057 192 4112; x_wconf 78' lang='grc'>24</span> <span class='ocrx_word' id='word_1_239' title='bbox 208 4055 345 4110; x_wconf 79' lang='lat' dir='ltr'>tirannum</span> <span class='ocrx_word' id='word_1_240' title='bbox 363 4057 393 4113; x_wconf 82' lang='grc' dir='ltr'><em>Ε</em></span> <span class='ocrx_word' id='word_1_241' title='bbox 442 4059 476 4114; x_wconf 84' lang='grc'>30</span> <span class='ocrx_word' id='word_1_242' title='bbox 493 4060 644 4114; x_wconf 90' lang='lat' dir='ltr'>innumeros</span> <span class='ocrx_word' id='word_1_243' title='bbox 662 4065 694 4131; x_wconf 87' lang='lat' dir='ltr'>A,</span> <span class='ocrx_word' id='word_1_244' title='bbox 710 4062 861 4117; x_wconf 84' lang='lat' dir='ltr'>innumeras</span> <span class='ocrx_word' id='word_1_245' title='bbox 872 4065 960 4119; x_wconf 78' lang='grc' dir='ltr'>ΑΒΕ</span> <span class='ocrx_word' id='word_1_246' title='bbox 1008 4068 1040 4122; x_wconf 83' lang='lat'>31</span> <span class='ocrx_word' id='word_1_247' title='bbox 1059 4065 1143 4120; x_wconf 84' lang='lat' dir='ltr'>limite</span> <span class='ocrx_word' id='word_1_248' title='bbox 1161 4069 1277 4124; x_wconf 74' lang='lat' dir='ltr'><em>ADAI.</em></span> 
     </span>
     <span class='ocr_line' id='line_1_36' title="bbox 155 4140 1251 4219; baseline 0.011 -24"><span class='ocrx_word' id='word_1_249' title='bbox 155 4140 346 4198; x_wconf 75' lang='lat' dir='ltr'>lumineMar.</span> <span class='ocrx_word' id='word_1_250' title='bbox 400 4145 554 4200; x_wconf 71' lang='lat' dir='ltr'>theeelesia</span> <span class='ocrx_word' id='word_1_251' title='bbox 565 4148 629 4217; x_wconf 83' lang='lat' dir='ltr'>AD,</span> <span class='ocrx_word' id='word_1_252' title='bbox 648 4149 782 4202; x_wconf 83' lang='lat' dir='ltr'>aeaeliaA</span> <span class='ocrx_word' id='word_1_253' title='bbox 833 4152 866 4206; x_wconf 83' lang='lat'>33</span> <span class='ocrx_word' id='word_1_254' title='bbox 878 4149 1039 4219; x_wconf 88' lang='lat' dir='ltr'>impensuD</span> <span class='ocrx_word' id='word_1_255' title='bbox 1090 4155 1123 4209; x_wconf 78' lang='lat'>34</span> <span class='ocrx_word' id='word_1_256' title='bbox 1136 4155 1251 4210; x_wconf 81' lang='lat' dir='ltr'>hisAD.</span> 
     </span>
     <span class='ocr_line' id='line_1_37' title="bbox 154 4224 1057 4302; baseline 0.012 -20"><span class='ocrx_word' id='word_1_257' title='bbox 154 4227 201 4283; x_wconf 86' lang='lat' dir='ltr'>hie</span> <span class='ocrx_word' id='word_1_258' title='bbox 218 4227 251 4284; x_wconf 79' lang='grc' dir='ltr'><em>Ε</em></span> <span class='ocrx_word' id='word_1_259' title='bbox 299 4232 332 4286; x_wconf 75' lang='lat'>37</span> <span class='ocrx_word' id='word_1_260' title='bbox 349 4230 436 4286; x_wconf 84' lang='lat' dir='ltr'>loaato</span> <span class='ocrx_word' id='word_1_261' title='bbox 453 4234 489 4301; x_wconf 84' lang='lat' dir='ltr'>E,</span> <span class='ocrx_word' id='word_1_262' title='bbox 507 4224 624 4287; x_wconf 80' lang='lat' dir='ltr'>loentum</span> <span class='ocrx_word' id='word_1_263' title='bbox 642 4237 699 4290; x_wconf 83' lang='lat' dir='ltr'>AD</span> <span class='ocrx_word' id='word_1_264' title='bbox 749 4237 915 4302; x_wconf 71' lang='lat' dir='ltr'>damnem,</span> <span class='ocrx_word' id='word_1_265' title='bbox 933 4239 1057 4294; x_wconf 77' lang='lat' dir='ltr'>hoedi)</span> 
     </span>
    </p>
   </div>
   <div class='ocr_carea' id='block_1_4' title="bbox 0 0 1464 4664">
    <p class='ocr_par' dir='ltr' id='par_1_12' title="bbox 0 0 1464 4664">
     <span class='ocr_line' id='line_1_38' title="bbox 0 0 1464 4664; baseline 0 0"><span class='ocrx_word' id='word_1_266' title='bbox 0 0 1464 4664; x_wconf 95' lang='lat' dir='ltr'> </span> 
     </span>
    </p>
   </div>
  </div>
 </body>
</html>
