2918 4664
150 291 276 347 XXXXII
625 292 800 347 Praelatio.

150 470 276 533 inuenta
298 467 437 532 inseruit.
475 467 613 531 carmina
643 468 736 551 igitur
762 468 794 531 in
821 467 869 531 his
896 467 995 533 tribus
1019 468 1203 534 editionibus
1225 469 1270 535 ita

151 592 184 637 se
207 572 373 654 excipiunt:

302 725 331 778 in
348 726 397 778 hac
415 724 529 778 editione
645 725 785 778 Muratorii
951 725 1067 779 Lebruni

366 827 469 892 1-18
667 827 770 891 1-18
961 828 1064 892 1-18

354 931 477 995 19-21
656 931 778 994 19-21
955 934 1068 998 desunt

352 1034 478 1099 22-28
655 1033 780 1100 22-*28
950 1034 1074 1100 19-25

656 1137 783 1202 30-32
949 1139 1076 1203 21-29

396 1242 437 1305 29
698 1241 739 1306 33
991 1243 1033 1308 30

396 1345 438 1408 30
697 1343 738 1407 29
990 1346 1033 1410 26

697 1448 739 1512 34
990 1450 1030 1514 31

396 1552 435 1615 31
697 1551 738 1614 35
991 1553 1032 1617 32

396 1654 438 1718 32
565 1674 677 1738 poema
698 1656 843 1719 ultimum
969 1657 1054 1721 deest

398 1758 439 1822 33
673 1759 758 1823 deest
969 1760 1055 1824 deest

194 1914 231 1978 In
253 1914 345 1979 rebus
368 1913 608 1996 orthographicis
635 1915 779 1994 rationes,
806 1932 882 1995 quas
904 1914 937 1978 in
960 1913 1161 1997 epistularum
1182 1933 1271 1997 prae·

152 2019 266 2083 latione
295 2037 326 2099 p.
347 2017 435 2081 XXV
452 2036 498 2099 sq.
530 2017 687 2098 explicari,
719 2021 841 2081 secutus
873 2035 957 2091 sum3
988 2018 1270 2099 antiquissimorum

153 2121 300 2187 librorum
331 2121 437 2202 quales
468 2123 542 2184 sunt
569 2120 707 2202 plerique
736 2121 904 2203 scripturas
930 2120 984 2184 ubi
1010 2121 1042 2184 in
1068 2125 1186 2186 textum
1209 2141 1271 2186 non

152 2226 262 2306 recepi,
293 2224 464 2288 accuratius
491 2224 524 2287 in
552 2223 748 2288 adnotatione
775 2224 881 2287 critica
911 2223 1065 2304 aduatuci,
1095 2226 1270 2290 tritissimas

152 2331 276 2392 tantum
290 2327 464 2391 litterarum
479 2327 566 2390 uelut
581 2348 596 2388 e
611 2349 648 2389 aa
664 2347 708 2407 oe,
725 2325 740 2387 i
762 2328 794 2389 et
814 2347 844 2410 p,
861 2324 891 2387 cc⁸
908 2329 939 2390 et
953 2325 981 2387 ta‘
1001 2328 1186 2393 mutationes
1201 2347 1273 2411 par·

154 2432 219 2495 cius
241 2431 490 2494 commemoraui.

196 2534 220 2597 I.
236 2532 549 2597 Zechmeisterum
564 2533 617 2614 qui
631 2534 793 2616 plerosque
809 2532 926 2596 codices
948 2534 1176 2597 accuratissime
1200 2551 1272 2597 oon-

153 2637 226 2701 tulit
248 2637 359 2717 quique
386 2639 457 2719 post
486 2655 558 2699 eum
586 2637 666 2700 hane
696 2653 821 2719 operam
849 2635 1045 2718 perfecerunt
1072 2637 1135 2700 iam
1160 2637 1193 2699 in
1220 2637 1272 2700 de-

153 2739 316 2821 scriptione
339 2739 531 2822 singulorum
553 2738 702 2804 librorum
725 2741 812 2821 grato
835 2739 937 2803 animo
964 2740 1129 2804 nominaui.
1175 2739 1271 2803 Zach-

154 2843 279 2907 meister
298 2859 371 2906 uero
393 2859 455 2905 non
477 2844 600 2906 tantum
616 2842 839 2924 supellectilem
855 2843 992 2907 criticam
1008 2844 1047 2907 ad
1062 2843 1271 2907 adornandam

154 2963 268 3011 nouam
297 2944 461 3009 editionem
489 2946 620 3028 impigro
643 2944 747 3009 labore
770 2946 935 3028 congessit,
968 2946 1022 3010 sed
1051 2947 1144 3010 etiam
1167 2965 1272 3012 emen-

155 3049 311 3113 dationem
333 3048 499 3128 inchoauit,
522 3048 609 3111 cuius
633 3048 804 3129 specimina
818 3050 975 3130 praeclara
990 3049 1022 3112 in
1037 3048 1122 3114 Stud.
1139 3050 1270 3115 Vindob.

154 3172 181 3217 a.
199 3150 281 3215 1879
304 3153 392 3216 edere
420 3154 569 3234 coeperat,
600 3170 671 3215 cum
702 3153 870 3216 immatura
898 3155 998 3217 morte
1028 3151 1116 3216 nobis
1147 3156 1271 3236 ereptus

23 3330 25 3335 ¹
155 3260 210 3321 est.
235 3257 427 3320 coniecturae
441 3261 472 3320 et
482 3255 527 3319 ibi
541 3255 677 3336 prolatae
695 3259 726 3319 et
741 3255 773 3319 in
788 3257 927 3339 margine
944 3257 1084 3320 editionis
1095 3256 1271 3338 Mignianae

155 3360 193 3424 ad
208 3360 355 3424 nonnulla
374 3359 512 3423 carmina
527 3358 698 3440 adscriptae
722 3377 800 3440 quae
822 3360 874 3423 ille
895 3360 1098 3442 praestiturus
1121 3359 1223 3439 fuerit,
1246 3359 1273 3422 si

155 3463 214 3544 ipsi
235 3463 337 3526 studia
357 3463 481 3545 incepta
501 3463 644 3544 persequi
658 3462 805 3542 licuisset,
821 3463 896 3526 satis
910 3461 1050 3543 probant.
1073 3461 1106 3524 in
1119 3461 1271 3526 indicibus

155 3565 349 3631 conficiendis
373 3563 525 3629 Carolus
548 3564 761 3630 Weilnbock
783 3565 939 3629 seminarii
953 3563 1199 3629 vindobonensis
1223 3583 1272 3629 so-

156 3669 233 3732 dalis
256 3686 305 3732 me
328 3668 456 3732 adiuuit.

198 3876 450 3955 Vindobona-e,
472 3876 544 3940 Kal,
560 3876 619 3941 lul.
637 3874 729 3940 1894.

836 4179 1019 4256 Guilelmus
1042 4182 1081 4256 de
1103 4183 1227 4258 Hartel.
