2918 4664
519 288 644 326 carmen
661 271 775 338 XVIIII,
787 274 896 329 39-97.

255 449 288 515 in
308 449 414 513 uacuis
437 449 601 512 simulacra
623 450 761 512 tremunt
783 448 957 530 squalentia
977 448 1102 530 templis

195 563 233 618 70
256 553 382 618 uocibus
405 553 465 617 icta
486 553 543 634 piis
565 552 747 635 inpulsaque
769 553 893 617 nomine
916 551 1037 617 Christi.

255 656 421 740 diffugiunt
442 656 552 739 trepidi
574 657 709 721 desertas
732 657 897 722 daemones
920 656 1019 721 aedes.

255 761 368 826 liuidus
391 763 547 825 incassum
569 779 696 843 serpens
719 761 825 825 fremit
847 777 898 825 ore
921 763 1045 825 omento

254 868 363 950 lugens
386 865 555 930 humanam
577 865 679 929 ieiuna
700 864 789 930 lance
811 865 944 929 salutem

256 989 349 1053 seque
372 969 464 1033 simul
485 969 638 1052 pecudum
660 967 723 1033 iam
745 969 894 1052 sanguine
917 968 1148 1044 defraudatum
1195 972 1196 976 ’

196 1082 233 1136 75
256 1073 367 1155 praedo
389 1091 516 1157 gemeus
539 1072 653 1137 frustra
675 1073 770 1137 siccas
794 1073 994 1138 clrcumuolat
1016 1089 1094 1138 aras.

298 1177 341 1241 sic
364 1177 438 1241 deus
461 1181 493 1242 et
513 1177 638 1258 reliquis
660 1176 799 1241 tribuens
821 1177 873 1260 pia
895 1195 1024 1242 munera
1045 1178 1133 1252 tersis

256 1281 370 1365 sparsit
391 1281 505 1362 ubique
526 1282 585 1345 loci
607 1299 736 1365 magnas
759 1298 815 1345 sua
837 1279 977 1345 membra
997 1299 1052 1364 per
1074 1280 1175 1346 nrbes.

257 1387 300 1449 sic
323 1385 406 1449 dedit
426 1385 585 1450 Andream
605 1385 707 1450 Patris
729 1385 910 1468 Aphesoque
931 1385 1112 1465 Iohannem,

256 1493 292 1553 ut
313 1490 406 1553 simul
427 1489 580 1573 Europam
603 1492 696 1573 atque
718 1488 827 1553 Asiam
849 1491 970 1554 curaret
989 1489 1022 1554 iu
1044 1489 1105 1553 illis

195 1602 237 1658 80
258 1594 483 1676 discuteretque
505 1611 615 1677 graues
637 1612 693 1676 per
713 1593 832 1657 lumina
854 1595 942 1658 tanta
963 1593 1116 1658 tenebras.

255 1697 380 1761 Parthia
401 1696 595 1762 Matthaeum
618 1696 829 1779 conplectitur,
852 1697 940 1761 India
962 1696 1123 1778 Thomam‚

256 1799 435 1865 Lebbaeum
457 1799 578 1884 Libyes,
601 1800 739 1884 Phryges
763 1818 905 1885 accepere
925 1801 1114 1884 Philippum,

257 1903 349 1970 Creta
370 1904 475 1969 Titum
497 1905 640 1988 sumpsit,
663 1905 818 1969 medicum
840 1904 968 1970 Boeotia
989 1904 1115 1969 Lucam.

256 2008 390 2088 Marcus,
413 2007 609 2089 Alexandria,
631 2007 689 2072 tibi
711 2009 810 2089 datus,
833 2013 868 2073 ut
887 2007 968 2074 boue
988 2009 1077 2090 pulso

196 2120 235 2177 85
259 2131 329 2177 oum
350 2113 424 2177 Ioue
447 2130 504 2177 nec
525 2114 656 2196 pecudes
678 2112 839 2196 Aegyptus
861 2114 893 2177 ln
914 2112 1017 2196 Apide
1039 2112 1165 2177 demens

256 2216 288 2280 in
308 2217 383 2281 Ioue
404 2235 461 2281 nec
483 2217 583 2281 ciuem
606 2217 719 2282 coleret
740 2218 820 2281 male
843 2215 935 2281 (treta
956 2217 1122 2299 sepultum,

256 2338 313 2384 nec
334 2320 473 2405 Phryges
495 2322 624 2385 exsectis
647 2324 774 2404 agerent
796 2319 940 2404 Cybeleia
961 2319 1058 2386 Gallis

255 2424 398 2507 inpurum
419 2425 507 2489 foedo
530 2425 664 2490 solantes
687 2425 814 2489 uulnere
837 2427 979 2505 matrem,

257 2529 288 2592 et
309 2528 436 2592 tandem
458 2529 551 2592 castis
573 2527 729 2593 fronderet
750 2527 908 2593 montibus
930 2527 987 2592 Ida

195 2639 238 2695 90·
256 2631 389 2696 intactus
411 2631 547 2697 referens
570 2650 676 2697 securo
698 2633 812 2697 uertice
834 2631 935 2715 pinus,

256 2753 338 2800 uana
359 2754 416 2800 nec
437 2736 566 2800 ulterius
589 2738 692 2800 mutos
709 2737 778 2800 ‘iam
800 2734 930 2801 Graecia
950 2735 1088 2818 Delphos

256 2840 429 2905 consuleret
450 2855 658 2922 spernensque
680 2859 772 2906 suum
793 2841 926 2904 calcaret
948 2837 1115 2923 Olympum

256 2943 348 3008 altius
370 2944 402 3008 in
425 2942 494 3009 Sion
518 2944 673 3028 gradiens,
695 2944 749 3009 ubi
770 2944 855 3009 collis
878 2943 997 3009 alunnni
1106 3024 1107 3027 Ἴ

255 3049 324 3112 lene
345 3047 454 3132 iugum
476 3048 557 3113 celso
579 3048 707 3132 fastigat
728 3048 843 3114 uertice
865 3047 1015 3113 christus.

196 3157 235 3214 95
258 3139 339 3234 fugit
360 3154 392 3215 et
414 3170 449 3215 er
470 3151 592 3234 Ilpheso
614 3151 757 3216 hudente
778 3151 879 3217 DIana
899 3149 1038 3220 Iohanne

256 3271 440 3338 germanum
461 3255 608 3320 comitata
629 3273 731 3337 suum,
753 3273 847 3338 quem
861 3255 991 3320 nomine·
1013 3252 1127 3319 Christi

256 3357 426 3440 inperitans
447 3358 563 3422 Paulus
585 3359 674 3441 pulso
695 3358 835 3442 Pythone
856 3358 984 3442 fugauit.

198 3576 232 3630 69
249 3572 409 3628 slmulachra
426 3575 457 3629 Ε
469 3573 582 3630 adsolet
643 3574 676 3628 70
693 3573 745 3627 ista
761 3574 792 3629 D
850 3575 889 3631 71,
902 3571 1036 3628 doemonis
1052 3574 1113 3641 AD,
1168 3575 1202 3629 'll
1218 3572 1272 3627 mm

127 3686 191 3755 n,
209 3683 287 3755 quem
304 3687 369 3755 an,
387 3701 489 3755 quoque
505 3673 568 3755 fore.
632 3687 666 3744 aa
682 3687 771 3756 poca
787 3683 850 3748 12¹„
892 3687 926 3742 ro
943 3651 1016 3742 effi
1074 3688 1106 3744 m
1124 3683 1271 3739 matheum

154 3779 188 3842 A,
205 3772 340 3828 matheum
357 3774 465 3829 ΑΒΕ·
510 3773 620 3827 thoman
637 3776 662 3826 A
726 3771 899 3830 calcaneum
916 3773 1004 3830 Anu
1061 3771 1145 3842 lybies
1162 3771 1275 3827 AADE

155 3859 244 3930 fryges
262 3860 298 3928 D,
315 3858 397 3928 frigas
413 3861 472 3915 ΑΕ
520 3858 677 3928 phylippum
694 3862 719 3912 Δ
772 3862 807 3917 83
824 3859 874 3914 sibi
892 3854 1004 3930 campell
1021 3861 1048 3913 et
1064 3849 1114 3936 A'*
1139 3856 1271 3912 medicum

155 3963 206 4002 om.
224 3948 249 3998 Δ
302 3944 409 4000 boethia
426 3947 489 4014 AD,
507 3946 561 3999 otia
577 3950 602 3998 A
655 3944 733 4001 lucan
751 3948 809 4003 AD
864 3949 897 4003 84
914 3944 1067 4000 alexandrea
1084 3940 1114 4000 A
1162 3947 1195 4001 85
1212 3958 1272 4013 pou·

155 4031 235 4087 cudcs
251 4033 282 4088 D
332 4035 366 4089 87
383 4031 472 4102 fryges
489 4034 525 4101 A,
542 4031 623 4100 friges
639 4033 700 4092 DA
757 4036 784 4092 et
800 4034 877 4088 sectis
895 4034 951 4087 AD
1002 4030 1134 4102 cybelaeia
1149 4031 1185 4097 A,
1203 4028 1272 4084 cibe·

155 4116 207 4172 leia
223 4117 254 4172 A
306 4119 425 4175 88-179
442 4119 534 4183 onaD
585 4121 618 4175 91
636 4119 773 4190 mmtosA
824 4122 856 4175 97
873 4118 1008 4187 Imperitos
1025 4118 1053 4173 A
1103 4116 1218 4187 phytona
1235 4116 1271 4184 A,

154 4203 264 4276 philone
281 4204 311 4259 Ε
