2918 4664
505 277 631 316 carmen
648 263 761 328 XVIIII,
773 267 915 323 628-686.

301 436 354 501 illa
375 437 467 522 igitur
490 439 618 522 species,
642 457 733 522 quam
755 440 805 504 fur
827 441 960 525 agitatus
983 443 1083 506 auaris

257 541 288 605 in
310 559 433 606 cassum
455 543 542 608 furiis
565 544 718 627 pendente
740 543 881 609 refixerat
902 563 980 611 unca

257 645 432 729 pollutaque
456 665 550 712 mauu
573 653 680 714 sancta
702 649 921 715 amandauerat
942 651 1022 731 aula,

257 748 314 814 hcc
336 768 426 834 opere
448 755 496 816 est
517 753 662 836 perfecta,
686 753 784 819 modis
806 757 842 818 ut
864 754 982 826 censita
1003 754 1088 818 miris

178 859 236 915 660
257 857 400 919 aeternae
422 857 520 920 crncis
543 855 677 940 effigiem
700 857 841 941 designet
862 861 1033 940 utramque,

256 961 291 1022 ut
312 958 412 1040 mcdc,
435 961 461 1023 si
482 959 577 1025 libeat
599 961 730 1044 spectari
751 961 923 1026 comminus
945 959 1054 1044 ipsam,

256 1066 397 1144 prompta
418 1062 494 1127 fides
516 1065 625 1138 eculis3
648 1082 721 1129 nam
743 1064 861 1129 reddita
882 1065 979 1148 fulget
1001 1065 1032 1128 in
1054 1065 1121 1146 ipsc

256 1182 316 1247 quc
336 1165 437 1249 iuerat
458 1167 544 1250 prius
567 1171 638 1251 apta
660 1169 726 1233 1666
749 1172 779 1233 et
800 1169 953 1232 uelamine
976 1168 1070 1232 clausi

255 1268 359 1334 altaris
381 1269 492 1335 faciem
514 1271 600 1356 signo
623 1271 746 1355 pietatis
769 1272 864 1338 adcrn
883 1275 905 1336 t.

175 1379 234 1434 666
256 1390 328 1457 ergo
351 1374 457 1439 eadem
480 1376 596 1458 species
618 1376 749 1440 turmam
772 1375 870 1440 crucis
893 1376 989 1440 exerit
1008 1375 1105 1456 illam,

254 1490 332 1558 qnae
353 1478 503 1543 trutinam
525 1483 654 1561 aequato
676 1478 820 1544 libratam
843 1479 973 1544 stamine
996 1479 1097 1564 signat

255 1579 457 1664 submotoque
479 1582 734 1666 iugum‘ccnccrs
755 1585 878 1647 temone
900 1581 1022 1667 figurat,

255 1683 320 1749 siue
342 1686 508 1769 superciliis
531 1704 550 1751 a
570 1687 671 1752 fronte
692 1687 828 1772 iugentia
849 1687 971 1751 uultum

253 1788 372 1853 lumina
393 1791 579 1856 transuersis
601 1791 739 1856 imitatur
762 1790 904 1856 cornibus
927 1789 1016 1855 arbor

172 1898 233 1954 670
255 1891 359 1974 ardua,
381 1911 443 1976 qua
464 1894 605 1961 domnus
628 1895 742 1960 mundo
764 1894 937 1977 trepidante
958 1892 1103 1978 pependit

253 1995 419 2061 innocuum
441 1998 572 2063 fundens
595 2016 649 2082 pm
672 2002 831 2082 peccatore
854 1990 1002 2063 cruorem.

253 2100 324 2165 huic
346 2105 460 2182 autem,
483 2102 577 2167 selide
599 2119 693 2185 quam
714 2101 847 2187 pondere
868 2102 976 2186 regula
997 2100 1107 2183 duplex
1168 2184 1169 2188 Ἰ

252 2203 362 2289 iungit,
383 2206 415 2270 in
438 2210 574 2270 extrema
595 2206 736 2290 prcducti
756 2207 840 2271 calce
862 2206 979 2270 metalli

252 2327 347 2391 parua
369 2327 480 2376 ccrcna
502 2310 608 2375 subest
630 2311 722 2375 uariis
745 2310 933 2375 circumdata
955 2309 1095 2393 gemmis.

171 2419 231 2473 660
254 2413 312 2478 hac
334 2431 455 2497 queque
476 2431 548 2479 crux
570 2414 687 2479 demini
707 2402 867 2496 tamquam
889 2414 1059 2478 diademate
1080 2412 1182 2476 cincta

253 2517 365 2582 emicat
387 2521 512 2583 aeterna
533 2518 636 2583 uitalis
658 2519 792 2603 imagine
814 2517 900 2602 ligni.

252 2619 930 2705 hmmmmmmmmffi

252 2724 401 2789 intactam
422 2726 512 2807 ferro,
534 2742 594 2808 quc
616 2728 718 2790 cetera
738 2725 881 2808 fregerat,
902 2742 997 2788 unam

251 2827 351 2910 liquit,
374 2848 391 2893 e
427 2833 463 2895 ut
485 2833 574 2913 capte
595 2832 670 2894 tunc
692 2829 898 2910 discinctaque
920 2827 1030 2893 refusis

171 2938 230 2993 680
253 2932 391 2998 uestibus
414 2934 536 3019 elapsae
557 2933 732 2998 ceciderunt
753 2933 905 3018 fragmina
926 2932 1065 3016 praedae,

251 3036 319 3100 uisa
339 3038 384 3102 rei
406 3039 522 3121 species
544 3041 618 3103 tunc
639 3037 850 3103 inuentcribus
871 3037 952 3120 ipsis

252 3140 376 3224 ancipiti
397 3144 484 3206 mctu
505 3141 643 3206 confudit
664 3144 796 3224 pectora.
818 3139 954 3224 gaudent

251 3244 395 3326 inuentis,
418 3245 473 3310 sed
493 3246 592 3310 fracta
614 3245 730 3319 dclent3
753 3262 824 3309 cum
846 3261 990 3326 quaerere
1012 3260 1137 3309 caueam

248 3348 410 3432 incipiunt,
432 3353 557 3414 cautum
579 3349 673 3414 simul
695 3347 903 3430 audacemque
924 3348 1076 3412 latronem

169 3458 229 3515 685
252 3454 410 3535 mirantes,
433 3471 558 3519 caecum
579 3452 686 3517 fractis
709 3455 894 3534 cautumque
914 3450 1039 3532 relictis,

236 3561 326 3642 tnnc
346 3557 399 3622 ille
422 3558 566 3623 adtonitis
589 3557 705 3621 crimen
728 3573 902 3638 numenque
924 3555 1052 3628 fatetur;

191 3766 241 3821 657
259 3779 348 3818 casum
366 3766 392 3820 A
444 3764 521 3818 furiis
539 3782 571 3820 ecc
587 3763 667 3817 uanis
684 3763 711 3817 A
763 3765 813 3819 658
831 3762 984 3816 arirdauerat
1001 3763 1027 3815 A
1085 3762 1133 3816 661
1153 3759 1263 3829 spectati

150 3851 205 3907 AD
256 3851 374 3905 commus
387 3852 417 3906 Ε
464 3853 515 3907 663
532 3850 783 3907 616666666611166.
836 3851 885 3905 665
904 3847 993 3902 eadem
1008 3847 1050 3902 181
1102 3846 1264 3902 exseritAD

150 3939 199 3993 666
217 3939 327 4006 aequate
350 3938 385 4005 Ε,
408 3940 531 4005 aequatae
552 3938 609 3993 AD
678 3939 727 3992 667
751 3934 922 4003 subrecthue
940 3939 1008 3991 ccci.
1021 3934 1104 4002 Mar,
1127 3931 1262 4001 subrepto·

150 4039 200 4093 que
217 4025 305 4080 ADE
353 4040 441 4079 ccccm
459 4025 496 4080 A¹
549 4027 599 4080 672
617 4023 772 4093 dupplerE
821 4025 870 4078 675
882 4021 932 4074 hac
944 4023 980 4090 D,
998 4021 1061 4074 haec
1072 4020 1130 4075 An
1179 4019 1263 4073 tincta

150 4112 206 4167 AD
256 4113 307 4168 677
324 4111 393 4166 hanc
411 4112 447 4180 E,
464 4112 535 4166 hunc
551 4112 608 4167 AD
658 4113 708 4166 679
727 4109 902 4176 distincteque
920 4107 962 4163 ΕΙ
1019 4107 1069 4164 686
1086 4109 1113 4161 ct
1129 4106 1216 4175 lapsae
1232 4106 1263 4162 D

150 4198 316 4254 caeciderunt
332 4200 360 4255 A
412 4201 463 4256 683
481 4215 540 4254 cum
558 4199 622 4266 AD,
639 4200 698 4252 tum
715 4196 745 4251 Ε
794 4198 843 4252 686
861 4195 979 4249 atteritis
997 4195 1057 4251 DE
