2918 4664
153 233 217 300 32)
478 249 505 304 8.
516 248 648 305 Paulini
664 248 784 305 Nolani
800 249 944 321 episcopi

354 424 555 511 tempuntus‚
576 424 711 490 subeunt
730 425 837 489 emnia
855 424 971 508 ubique
991 443 1083 491 uena

306 531 430 613 umque
449 529 589 594 reuelata
608 529 688 594 faeie
708 529 904 612 speculamur
925 533 1066 613 apertum

355 634 389 699 in
410 632 533 699 Christe
552 633 694 716 propriae
714 633 793 697 lueis
813 633 929 698 honere
950 634 1052 698 deum

305 745 337 803 et
356 741 432 822 pute
453 737 535 820 qued
556 737 646 801 seissi
666 738 698 801 in
719 737 837 821 temple
857 739 1006 820 mysteria
1025 739 1088 802 ueli

203 851 264 907 360
356 841 389 906 id
409 859 530 924 queque
551 841 712 925 signarint,
734 841 834 924 gratia
855 841 936 923 qued
957 842 1075 907 nituit

305 964 380 1012 nam
400 945 500 1010 ueluti
519 949 611 1028 rupte
631 949 760 1028 patuere
782 945 915 1009 saeraria
935 946 1015 1026 uele,

357 1050 402 1114 sie
421 1052 541 1114 reserat
560 1047 650 1113 uubis
672 1049 750 1133 legis
771 1053 879 1131 operta
899 1048 986 1114 tides.

304 1153 376 1219 inde
397 1152 456 1218 sub
478 1152 605 1235 antique
625 1152 739 1236 legitur
760 1153 914 1216 uelamine
934 1152 1060 1237 Mepses

356 1256 478 1322 Iudaeis
499 1255 614 1320 nebula
634 1255 734 1320 eordis
756 1260 880 1338 opertus
902 1256 1012 1337 adhue,

195 1369 255 1424 365
300 1378 395 1443 qnam
416 1361 455 1425 de
475 1359 645 1425 luminflrus
667 1361 780 1424 mentis
802 1360 880 1424 mihi
901 1360 1035 1424 meditus
1057 1361 1159 1429 aufert

358 1463 512 1544 Christus,
533 1463 732 1528 adumbratas
754 1464 922 1528 discutiens
944 1465 1061 1548 speeies

306 1587 401 1651 seque
422 1568 534 1633 decens
555 1568 657 1652 prisea
678 1568 815 1631 uelatum
835 1569 913 1651 legis
935 1569 967 1632 in
989 1568 1100 1633 umbra

356 1673 481 1754 iamque
500 1671 674 1737 reuelatum
695 1672 829 1754 eorporis
850 1672 882 1736 in
903 1671 994 1752 faeie,

305 1776 430 1858 qualem
450 1775 614 1859 praemissi
635 1776 813 1840 eeeinerunt
834 1775 939 1840 adiere
959 1780 1059 1857 uates,

203 1888 265 1943 370
359 1879 459 1961 qualis
481 1873 658 1961 apesteiieis
680 1894 784 1943 euram
805 1878 901 1942 eeulis
922 1880 1033 1962 patuit,

306 1983 429 2065 qualem
450 1986 482 2046 et
503 1981 609 2046 Iudaei
629 1999 692 2047 nen
713 2000 894 2066 perspexere
916 1982 1055 2047 uidentes

358 2083 515 2150 mentiens
537 2084 678 2150 obtunsis
700 2085 859 2168 impietate
883 2103 950 2166 sua,

307 2193 339 2255 et
359 2190 494 2272 qualem,
516 2189 659 2271 quamuis
680 2206 743 2253 nen
764 2191 867 2253 uisum
888 2190 922 2254 in
943 2208 1069 2273 eerpere
1090 2191 1193 2271 nobis,-

357 2293 508 2358 eredende
529 2293 650 2367 interne
671 2293 790 2357 lumine
811 2294 1025 2377 eonspieimus.

357 2505 390 2566 et
409 2501 553 2584 palpasse
575 2500 697 2581 600006,
718 2503 813 2585 tange
833 2499 894 2565 tide
916 2505 949 2566 et
969 2501 1067 2567 uiden.

309 2608 340 2669 et
361 2605 480 2669 eunetis
501 2603 652 2670 eredendo
673 2607 760 2688 patet
781 2623 964 2688 eegneseere
986 2605 1146 2671 onustum

357 2709 453 2792 impia
473 2712 652 2773 caecantem
671 2712 797 2793 pectora
816 2707 961 2792 perfidiae

307 2813 548 2894 fundentemque
570 2829 660 2876 suam
680 2830 736 2895 per
757 2812 849 2876 eerda
869 2811 973 2878 tidelia
993 2814 1105 2893 lueem,

203 2926 264 2981 380
358 2920 394 2981 ut
414 2917 543 2999 planitas
564 2915 683 2981 habitet
704 2914 912 2998 clarificetque
933 2917 1064 2982 animas.
1109 2927 1114 2936 ·

309 3038 392 3105 erge,
414 3020 476 3084 mei
497 3019 620 3100 frames,
642 3037 713 3084 mea
734 3037 817 3100 eura,
839 3038 945 3084 meum
967 3038 1028 3101 mr,
1049 3021 1082 3086 in
1103 3021 1165 3086 ista

359 3128 534 3190 maerentes
556 3125 676 3189 animus
696 3123 861 3189 laetificate
882 3124 953 3189 tide.

302 3229 413 3313 pellite
436 3229 592 3293 mutinam
614 3228 727 3293 deeiles
748 3228 864 3311 pietate
884 3227 969 3292 fideli

357 3332 550 3414 fidentesque
572 3332 628 3396 600
649 3331 800 3396 laetitiam
821 3331 948 3396 induite.

257 3537 552 3609 ssnfflcorwals)
606 3537 860 3608 semmaa)

198 3724 248 3779 357
266 3719 486 3791 0000010000οΤι
538 3722 589 3778 360
606 3720 780 3790 signarenti'
826 3721 877 3776 363
894 3720 995 3790 tegitur
1004 3723 1068 3790 fert
1120 3722 1171 3777 365
1188 3719 1276 3775 aufert

157 3835 188 3904 Τ
199 3833 287 3888 adfert
296 3834 359 3903 BO,
370 3812 474 3892 afferte
525 3836 575 3890 367
588 3832 683 3888 doeens
694 3834 725 3902 Τ,
736 3832 812 3888 deest
823 3833 897 3890 Boe
947 3835 998 3889 369
1009 3831 1089 3887 affore
1102 3834 1133 3901 Τ,
1145 3832 1236 3888 adesse
1252 3833 1275 3889 0

155 3922 204 3977 371
224 3923 251 3976 et
271 3939 322 3977 em.
340 3923 368 3977 Β
453 3923 504 3978 372
521 3920 667 3975 obtusisT
749 3922 799 3976 375
817 3919 898 3991 quod]
920 3935 998 3988 quem
1015 3922 1083 3976 enei
1101 3921 1277 3976 netem

155 4006 279 4062 ueridieis
299 4023 354 4062 esse
375 4007 426 4075 13¹,
453 4007 580 4063 uetudieis
601 4022 657 4061 esse
678 4007 701 4063 0
768 4008 819 4063 376
840 4009 914 4062 tante
931 4006 974 4061 B¹
1041 4005 1131 4077 uideo]
1154 4006 1278 4078 6000οΤ
1327 4006 1331 4015 ’

157 4093 207 4150 378
218 4092 326 4163 perfidie
336 4095 373 4163 B,
384 4093 494 4165 perfidis
511 4112 527 4150 0
577 4092 754 4164 assperitas
765 4094 793 4148 Β
844 4094 895 4149 382
906 4091 1031 4146 letitieare
1042 4093 1079 4161 B,
1095 4091 1237 4146 1006760060
1252 4092 1276 4148 0
