2918 4664
235 279 298 343 256
566 293 591 348 S.
604 292 735 348 Paulini
753 291 871 346 Nolani
889 290 1031 361 episcopi

254 480 314 538 265
339 475 431 553 atque
453 487 524 535 snos
547 471 671 534 cantare
693 485 771 549 reos,
795 467 900 531 ardere
923 466 1091 531 ministros.

337 593 471 657 quonam
493 592 527 639 se
548 573 654 638 miseri
674 575 820 656 poterunt
843 571 1004 635 defendere
1026 589 1124 654 reges,

337 679 389 761 qni
409 682 475 744 tam
498 677 664 762 degeneres
687 676 841 741 humanae
864 677 976 740 mentis
997 676 1030 738 iu
1052 675 1121 739 illos

337 783 512 863 saeuierint,
535 781 647 864 quibus
672 784 702 846 et
723 780 831 872 feritas
854 784 886 844 et
907 778 1033 844 flamma
1055 778 1211 861 pepercit?

336 887 390 951 sed
412 887 499 950 nelnt
521 889 661 950 aeternos
684 885 786 966 pneris
808 883 1017 949 recinentibus
1039 883 1171 966 hymnos

254 999 314 1054 270
337 990 472 1055 roscidus
497 1007 641 1054 accensos
664 989 809 1053 discnssit
830 989 957 1071 spiritns
980 987 1078 1072 ignes,

336 1096 380 1159 sic
402 1094 491 1160 nobis
514 1094 632 1179 placido
655 1093 766 1158 Felicis
789 1094 890 1176 gratia
910 1091 987 1157 flatu

338 1199 513 1282 adspirante
536 1198 591 1262 deo
613 1196 765 1261 bellomm
787 1199 940 1280 temperet
961 1197 1048 1280 ignes

336 1307 462 1384 ortaque
484 1301 642 1368 Romuleis
664 1301 835 1384 reprimens
857 1301 999 1365 incendia
1021 1300 1110 1364 terris

335 1406 480 1471 sollicitos
503 1405 622 1489 placida
643 1407 706 1469 iam
727 1422 803 1490 pace
824 1405 985 1488 refrigeret
1006 1408 1110 1469 aestus

253 1519 313 1574 275
336 1510 479 1592 fessaque
500 1509 656 1575 restinctis
680 1508 821 1574 absoluat
843 1512 966 1591 pectora
989 1511 1079 1572 curis.

378 1614 508 1678 sedeur
530 1614 687 1697 insipiens,
710 1616 870 1696 tamquam
892 1611 949 1677 tibi
971 1613 1030 1677 sim
1052 1612 1136 1676 rudis
1159 1613 1270 1695 hospes

335 1717 509 1799 oblitusque
530 1719 585 1799 tui,
609 1720 750 1781 ueterum
772 1720 803 1781 te
825 1734 916 1799 posco
938 1719 1102 1799 parentum

336 1821 494 1903 exemplis,
517 1824 552 1886 ut
574 1839 664 1903 opem
687 1820 805 1885 tribuas
828 1820 975 1885 inrebns
995 1821 1113 1903 egenis,

335 1943 429 2007 quem
451 1924 509 1989 tibi
530 1925 623 1989 dante
646 1925 702 1989 deo
723 1925 818 1989 facies
841 1928 876 1989 tn
899 1925 1004 1989 cedere
1027 1923 1136 1988 nobis?

253 2036 313 2092 280
338 2024 386 2093 eat
407 2028 482 2092 mihi
504 2032 586 2110 sunt,
609 2029 704 2110 Felix,
727 2029 878 2093 uirtutum
901 2028 1041 2111 exempla
1066 2032 1200 2108 tucrum,

336 2150 392 2197 neo
413 2131 471 2196 tibi
492 2133 653 2216 pauperior
676 2131 816 2197 Christus
839 2132 984 2198 caelestia
1005 2132 1108 2196 fundit

338 2254 467 2301 munera
488 2255 582 2319 quam
603 2234 755 2319 patribus
778 2255 908 2319 quorum
931 2253 1080 2320 generosa
1101 2253 1236 2321 propago
1259 2254 1300 2301 es.

337 2357 411 2404 nem
433 2340 688 2422 patriarcharum
711 2340 805 2421 Felix,
829 2344 860 2407 et
880 2341 962 2405 fflins
985 2359 1080 2423 aeque

337 2445 441 2528 stirpis
465 2444 650 2528 apostolicae
673 2462 716 2525 es,
739 2445 819 2509 tanti
841 2462 903 2509 non
925 2445 1057 2529 degener
1079 2446 1168 2509 heres

254 2556 315 2611 285
340 2547 480 2623 seminis;
502 2551 538 2612 nt
560 2551 683 2613 sanctae
705 2548 784 2633 legis
807 2549 899 2613 simul
922 2552 1014 2631 atque
1036 2548 1108 2613 fidei

337 2653 493 2716 confessor
514 2653 619 2735 patriis
642 2651 808 2717 uirtutibus
831 2654 952 2717 aemula
975 2657 1098 2719 sauctus

337 2755 427 2839 signa
448 2757 538 2839 geris,
561 2775 627 2836 nec,
651 2757 677 2820 si
699 2757 812 2840 species
835 2775 961 2841 opomm
984 2757 1041 2821 tibi
1063 2757 1174 2840 dispar,

337 2877 398 2924 non
421 2860 530 2924 similis
552 2860 666 2936 uirtus;
689 2861 812 2926 diuersa
834 2864 882 2925 est
903 2862 1003 2945 gratia
1023 2861 1123 2942 nobis,

336 2964 434 3047 gloria
455 2981 521 3048 par,
543 2965 690 3046 quoniam
712 2965 828 3031 sanctis
850 2965 919 3030 fons
942 2964 1086 3030 omnibns
1108 2984 1188 3030 nnus

254 3076 315 3131 290
338 3071 369 3131 et
390 3085 520 3151 regnum
543 3084 706 3133 commune
728 3069 790 3144 dei3
813 3087 874 3134 non
896 3088 959 3134 nna
980 3069 1136 3155 prophetis

337 3171 585 3254 martyribusque
606 3173 701 3237 sacris
723 3190 824 3255 opere,
846 3177 881 3237 ut
903 3173 1024 3238 diuerm
1045 3172 1171 3238 inerunt

337 3360 400 3430 269]
418 3360 495 3430 (Dan.
507 3363 532 3426 3,
544 3360 594 3430 50).

278 3534 328 3588 265
341 3532 427 3601 Atque
439 3549 499 3587 suos
517 3552 546 3601 ω,
564 3533 688 3587 innocuos
699 3551 716 3590 o
767 3538 948 3600 remorantem,
961 3539 1095 3606 anosfort.
1147 3539 1198 3593 266
1213 3536 1317 3607 quando
1332 3540 1357 3594 T

236 3618 344 3672 miseros
357 3620 414 3674 AD
464 3622 513 3675 267
527 3618 699 3687 digeneresB
750 3623 889 3678 montesB
940 3625 991 3680 268
1008 3623 1186 3678 semierintl'
1232 3626 1283 3681 269
1294 3641 1353 3693 ym-

237 3720 283 3758 nos
302 3705 331 3759 D
383 3708 433 3760 270
450 3720 510 3758 mox
528 3705 641 3760 citurl'
696 3709 744 3762 271
764 3706 828 3762 fletu
845 3709 902 3763 AD
963 3711 1014 3765 274
1030 3709 1172 3780 placitaT
1224 3714 1308 3765 sertem
1326 3712 1353 3766 A

238 3792 289 3847 275
307 3789 428 3845 obsolnat
444 3791 471 3846 B
523 3793 574 3849 276
591 3793 669 3848 rudes
685 3794 717 3849 D
772 3796 825 3850 279
842 3794 952 3849 iacisT
1001 3795 1148 3852 cedoran
1199 3799 1250 3854 280
1268 3796 1353 3852 uirtu-

239 3879 295 3931 tem
312 3878 339 3933 B
401 3879 451 3934 281
470 3877 609 3945 fundetT
664 3883 714 3937 282
732 3881 770 3950 es]
789 3883 804 3934 e
820 3883 914 3941 ADY,
961 3884 1011 3939 288
1029 3883 1066 3952 et]
1085 3885 1157 3938 esl'
1204 3899 1300 3953 aequae
1318 3885 1354 3952 A,

236 3965 360 4032 atquel'
408 3966 459 4021 284
476 3965 514 4034 ea]
533 3967 573 4020 est
589 3968 647 4022 AD
697 3967 776 4037 tanti]
795 3969 934 4025 stantisl'
990 3972 1039 4028 285
1058 3986 1105 4025 nec
1122 3969 1254 4024 minnsT
1310 3970 1352 4039 ut]

236 4050 268 4104 ul
284 4050 312 4105 B
391 4052 442 4107 286
460 4052 560 4106 sanctis
575 4053 605 4108 Ε
676 4056 726 4111 287
744 4055 778 4124 si]
797 4054 832 4109 sit
848 4056 878 4110 D
954 4055 1016 4126 tibi]
1033 4057 1084 4111 nini
1098 4057 1129 4116 ,Τ
1202 4059 1252 4114 289
1270 4057 1356 4113 ffil'

236 4137 287 4192 290
304 4153 337 4194 ea
357 4137 446 4193 ΑΒΕ
463 4139 573 4206 bunut,
599 4157 649 4196 om.
668 4147 748 4197 ceto
832 4141 875 4196 dei
894 4145 999 4214 amai,
1026 4143 1059 4199 ds
1079 4146 1167 4201 ΑΒΕ
1227 4147 1297 4221 ,291
1321 4148 1354 4198 ut

232 4223 313 4292 Bra,
331 4227 359 4278 ot
374 4225 462 4281 ADE
