2918 4664
504 314 631 416 <parmen
648 296 704 365 XX,
724 299 830 359 lss-tss.

208 475 259 540 ille
281 475 382 539 Dauid
405 494 508 556 uerus,
530 474 681 540 citharam
704 474 755 556 qui
777 475 909 557 corporis
932 473 1024 536 huius

123 585 187 640 <45
210 580 344 644 rest'tuit
365 579 449 662 putri
472 579 588 642 dandum
611 585 746 661 conpage
768 578 926 664 iacentem,

209 686 240 747 et
261 683 386 748 tacitam
408 683 507 766 ruptis
530 683 654 765 antiquo
677 682 804 746 crimine
825 681 946 745 chordis
1025 724 1026 727 =

209 787 397 852 adsumendo
421 806 512 851 suum
535 787 676 851 dominus
698 786 853 868 reparauit
875 785 907 850 in
931 802 1038 864 usum,.

210 891 419 979 consertisque
442 891 499 956 doc
521 888 704 955 mortalibus
727 891 831 954 omnia
851 907 955 954 rarum

208 994 240 1059 in
263 995 395 1078 speciem
418 995 536 1078 primae
557 995 632 1059 fecit
653 994 838 1059 reuirescere
861 994 988 1074 formae,

143 1105 188 1158 'oo
212 1101 246 1162 ut
267 1117 347 1164 noua
370 1098 612 1178 cunctaiorcnt,
635 1095 753 1163 cunctis
776 1097 908 1162 abeunte
931 1101 1067 1162 ueterno.

208 1201 289 1267 hanc
310 1207 514 1267 renouaturus
537 1203 686 1267 citharam
709 1202 784 1266 deus
806 1204 872 1285 ipse
896 1202 1041 1285 magister·

209 1306 274 1389 ipse
296 1306 345 1371 sui
367 1308 501 1390 positam
524 1306 687 1390 suspendit
707 1307 739 1371 in
761 1305 868 1371 arbore
890 1306 966 1389 ligni

209 1412 241 1473 ct
261 1428 349 1474 cruce
371 1414 533 1493 peccatum
556 1411 656 1477 caruis
678 1410 849 1493 parimente
872 1409 1008 1474 nouauit.

209 1517 301 1597 atque
323 1515 367 1580 ita
389 1516 553 1580 mortalem
574 1515 712 1580 numeris
735 1512 918 1579 caelestibus
941 1517 1047 1596 aptam

148 1624 186 1680 55
210 1618 370 1702 conposuit
391 1619 544 1684 citharam
566 1619 660 1683 uariis
684 1638 720 1682 en
742 1617 887 1702 gentibus
910 1636 1016 1697 unam,

211 1722 391 1807 omnigenas
413 1724 543 1807 populos
566 1721 754 1806 compingens
777 1741 887 1805 corpus
910 1723 942 1786 in
965 1739 1071 1785 unum.

208 1825 278 1890 inde
300 1826 451 1892 lacessitis
474 1825 586 1891 fidibus
609 1827 646 1891 de
668 1826 789 1910 pectine
811 1826 898 1890 uerbi

208 1946 267 1995 uox
290 1930 486 2015 euangelicae
508 1931 673 1995 testudinis
696 1930 799 1994 omnia
821 1930 945 2012 conplet
971 1951 973 1954 ⁴

208 2035 298 2099 laude
320 2035 383 2112 dai}
404 2038 469 2100 toto
492 2034 608 2100 Christi
629 2034 733 2118 chelys
756 2052 850 2099 aurea
871 2033 985 2098 mundo

149 2145 189 2199 60
211 2142 357 2221 personat
377 2139 548 2204 innumeris
571 2157 632 2204 uuo
655 2139 864 2203 modulamina
886 2138 1011 2222 linguis

208 2242 455 2325 respondentque
477 2243 533 2307 deo
555 2243 681 2327 paribus
705 2261 784 2319 noua
807 2242 945 2306 ommino
967 2241 1079 2306 neruis.

122 2423 126 2428 ,
250 2346 826 2431 sedrefaramcdmeacoeptapedom;
839 2364 912 2410 nam
924 2344 1231 2428 tempusethoraost

209 2451 377 2533 promissas
399 2450 508 2516 offerre
531 2450 634 2535 dapes,
657 2451 809 2534 adponere
832 2450 920 2514 uobis

174 2598 175 2601 =
209 2554 338 2637 prandia
359 2555 507 2620 sollicitas
530 2558 614 2620 caste
637 2554 789 2619 sumenda
809 2573 865 2638 per
887 2572 986 2618 aures.

149 2663 188 2718 oo
210 2675 272 2722 non
293 2658 392 2723 ueteri
413 2662 554 2742 repetam
576 2676 655 2741 quae
678 2677 748 2722 sum
770 2658 908 2722 dictums
931 2657 970 2722 ab
993 2674 1085 2732 aeuo;
1125 2698 1127 2702 ι

209 2764 282 2826 ante
305 2762 369 2827 dies
391 2781 505 2846 paucos
527 2763 597 2827 istic
620 2766 759 2846 spectata
780 2761 934 2846 prolabor.

210 2871 337 2931 uenerat
360 2866 421 2931 huo
443 2868 569 2949 quidam
591 2868 740 2950 placitum
763 2866 824 2931 sibi
845 2868 965 2952 soluere
988 2871 1097 2931 uotum

210 2969 296 3034 rubis
319 2970 482 3042 Abellinae
505 2971 541 3034 do
564 2970 677 3036 finibus
701 2972 821 3036 aduena
842 2972 956 3036 nostris

211 3073 345 3139 sedibus.
368 3075 418 3140 hic
439 3094 567 3158 porcum
589 3076 691 3140 studio
713 3078 840 3140 curante
861 3079 1006 3159 paratum
1074 3080 1075 3083 ’

149 3185 188 3248 ,70
211 3177 401 3261 dilatumque
424 3179 486 3260 diu,
508 3184 544 3244 ut
566 3180 659 3245 simul
681 3181 771 3244 annis
793 3183 886 3261 atque
909 3180 1018 3264 sagina

210 3286 370 3364 cresceret,
392 3283 452 3348 huc
474 3284 560 3348 illinc
582 3283 780 3367 perduxerat3
804 3286 897 3365 atque
919 3282 971 3347 ubi
995 3283 1093 3363 uouit,

210 3387 327 3469 pingue
344 3404 439 3468 pecus
462 3387 527 3451 uoti
548 3388 669 3471 iugulat
690 3387 727 3452 de
750 3404 835 3450 more
857 3390 1035 3451 uouentum.

210 3488 296 3554 fama
317 3490 381 3555 suis
403 3491 509 3575 magni
530 3494 754 3575 peregeram
775 3491 961 3556 accenderat
983 3495 1085 3555 aorem

150 3803 186 3858 44
203 3802 338 3871 cytharam
357 3803 433 3858 D¹E
447 3809 471 3858 et
488 3804 565 3872 infra
625 3805 659 3859 45
676 3801 750 3872 putri
768 3802 803 3870 E,
820 3801 891 3870 patri
908 3802 966 3856 AD
1029 3799 1184 3870 compagine
1202 3800 1231 3854 1)

108 3891 142 3945 45
160 3891 291 3945 tacentem
308 3891 370 3958 fort.
440 3892 473 3945 49
492 3890 647 3944 reuirescere
665 3891 748 3958 Mur„
771 3888 933 3943 reuiuescore
951 3888 989 3957 (es
1006 3905 1038 3944 ec
1055 3889 1129 3944 ism.
1147 3888 1175 3956 2)
1194 3889 1230 3955 D,

109 3976 265 4030 reuiuiscere
283 3976 341 4031 ΑΕ
402 3980 434 4032 59
453 3975 533 4030 chelis
552 3978 586 4044 E,
606 3975 709 4046 oaelyhs
727 3978 764 4045 Ι),
781 3975 888 4044 cholybs
905 3976 933 4030 A
1001 3978 1034 4031 60
1052 3992 1105 4028 uuo
1124 3975 1159 4043 Ε,
1177 3973 1231 4027 lino

109 4064 174 4131 AD,
191 4062 349 4132 plonofort.
419 4063 499 4132 lingis
518 4065 544 4116 A
615 4066 647 4118 65
665 4079 713 4116 nec
731 4064 804 4118 diuo:
876 4064 992 4132 repetam
1010 4063 1046 4131 E,
1069 4065 1158 4131 petam
1176 4057 1233 4115 AD

109 4151 144 4206 73
166 4149 256 4218 magni
277 4151 321 4204 oet
343 4165 453 4219 magnac
476 4150 686 4218 centimolum„
709 4165 804 4216 magau
823 4148 910 4204 ΑΒΕ
994 4164 1150 4217 magnopere
1169 4162 1231 4215 geu-

108 4237 259 4292 tumMaor.

161 4331 222 4372 XXX.
233 4331 317 4372 Paulini
329 4330 375 4372 Nol.
386 4330 485 4372 curudna.
1048 4326 1078 4371 lo
