<?xml version="1.0" encoding="UTF-8"?>
<!DOCTYPE html PUBLIC "-//W3C//DTD XHTML 1.0 Transitional//EN"
    "http://www.w3.org/TR/xhtml1/DTD/xhtml1-transitional.dtd">
<html xmlns="http://www.w3.org/1999/xhtml" xml:lang="en" lang="en">
 <head>
  <title>
</title>
<meta http-equiv="Content-Type" content="text/html;charset=utf-8" />
  <meta name='ocr-system' content='tesseract 3.04.00' />
  <meta name='ocr-capabilities' content='ocr_page ocr_carea ocr_par ocr_line ocrx_word'/>
</head>
<body>
  <div class='ocr_page' id='page_1' title='image "./sanctipontiimer00paulgoog_0237.png"; bbox 0 0 2918 4664; ppageno 0'>
   <div class='ocr_carea' id='block_1_1' title="bbox 233 288 1031 369">
    <p class='ocr_par' dir='ltr' id='par_1_1' title="bbox 233 288 1031 369">
     <span class='ocr_line' id='line_1_1' title="bbox 233 288 1031 369; baseline 0.003 -18"><span class='ocrx_word' id='word_1_1' title='bbox 233 288 298 352; x_wconf 87' lang='grc'><strong>184</strong></span> <span class='ocrx_word' id='word_1_2' title='bbox 564 304 590 356; x_wconf 86' lang='lat' dir='ltr'><strong>S.</strong></span> <span class='ocrx_word' id='word_1_3' title='bbox 604 302 735 355; x_wconf 85' lang='lat' dir='ltr'>Paulini</span> <span class='ocrx_word' id='word_1_4' title='bbox 752 300 869 355; x_wconf 87' lang='lat' dir='ltr'><strong>Nolani</strong></span> <span class='ocrx_word' id='word_1_5' title='bbox 888 300 1031 369; x_wconf 77' lang='lat' dir='ltr'>episcopi</span> 
     </span>
    </p>
   </div>
   <div class='ocr_carea' id='block_1_2' title="bbox 244 476 1268 3789">
    <p class='ocr_par' dir='ltr' id='par_1_2' title="bbox 335 476 1145 670">
     <span class='ocr_line' id='line_1_2' title="bbox 335 476 1117 543; baseline -0.004 0"><span class='ocrx_word' id='word_1_6' title='bbox 335 481 421 543; x_wconf 87' lang='lat' dir='ltr'><strong>iussa</strong></span> <span class='ocrx_word' id='word_1_7' title='bbox 442 478 558 543; x_wconf 88' lang='lat' dir='ltr'><strong>fluenta</strong></span> <span class='ocrx_word' id='word_1_8' title='bbox 578 479 636 542; x_wconf 92' lang='lat' dir='ltr'><strong>tibi</strong></span> <span class='ocrx_word' id='word_1_9' title='bbox 658 496 729 541; x_wconf 93' lang='lat' dir='ltr'><strong>oum</strong></span> <span class='ocrx_word' id='word_1_10' title='bbox 752 478 857 541; x_wconf 87' lang='lat' dir='ltr'><strong>fenore</strong></span> <span class='ocrx_word' id='word_1_11' title='bbox 879 477 997 540; x_wconf 86' lang='lat' dir='ltr'><strong>reddita</strong></span> <span class='ocrx_word' id='word_1_12' title='bbox 1019 476 1117 540; x_wconf 90' lang='lat' dir='ltr'><strong>multo</strong></span> 
     </span>
     <span class='ocr_line' id='line_1_3' title="bbox 336 580 1145 670; baseline -0.002 -24"><span class='ocrx_word' id='word_1_13' title='bbox 336 583 498 670; x_wconf 88' lang='lat' dir='ltr'><strong>moenibus</strong></span> <span class='ocrx_word' id='word_1_14' title='bbox 520 582 678 646; x_wconf 82' lang='lat' dir='ltr'><strong>influxisse</strong></span> <span class='ocrx_word' id='word_1_15' title='bbox 699 581 775 656; x_wconf 83' lang='grc' dir='ltr'>101ος</span> <span class='ocrx_word' id='word_1_16' title='bbox 799 584 830 645; x_wconf 89' lang='grc'><strong>01</strong></span> <span class='ocrx_word' id='word_1_17' title='bbox 851 584 990 663; x_wconf 90' lang='lat' dir='ltr'><strong>tempore</strong></span> <span class='ocrx_word' id='word_1_18' title='bbox 1013 581 1045 643; x_wconf 90' lang='lat' dir='ltr'><strong>in</strong></span> <span class='ocrx_word' id='word_1_19' title='bbox 1068 580 1145 662; x_wconf 89' lang='lat' dir='ltr'><strong>ipso,</strong></span> 
     </span>
    </p>

    <p class='ocr_par' dir='ltr' id='par_1_3' title="bbox 254 683 1223 977">
     <span class='ocr_line' id='line_1_4' title="bbox 254 683 1223 772; baseline -0.004 -21"><span class='ocrx_word' id='word_1_20' title='bbox 254 697 313 751; x_wconf 78' lang='grc'>785</span> <span class='ocrx_word' id='word_1_21' title='bbox 337 705 397 768; x_wconf 95' lang='lat' dir='ltr'><strong>quo</strong></span> <span class='ocrx_word' id='word_1_22' title='bbox 419 687 532 751; x_wconf 88' lang='lat' dir='ltr'><strong>totiens</strong></span> <span class='ocrx_word' id='word_1_23' title='bbox 554 684 653 772; x_wconf 80' lang='lat' dir='ltr'><strong>(tuae)</strong></span> <span class='ocrx_word' id='word_1_24' title='bbox 675 704 774 768; x_wconf 88' lang='lat' dir='ltr'><strong>aquae</strong></span> <span class='ocrx_word' id='word_1_25' title='bbox 795 702 955 767; x_wconf 80' lang='lat' dir='ltr'>possessor</span> <span class='ocrx_word' id='word_1_26' title='bbox 977 702 1067 767; x_wconf 83' lang='lat' dir='ltr'><strong>egere</strong></span> <span class='ocrx_word' id='word_1_27' title='bbox 1090 683 1223 764; x_wconf 82' lang='lat' dir='ltr'><strong>solebas,</strong></span> 
     </span>
     <span class='ocr_line' id='line_1_5' title="bbox 337 788 1175 871; baseline -0.004 -17"><span class='ocrx_word' id='word_1_28' title='bbox 337 792 369 854; x_wconf 91' lang='lat' dir='ltr'><strong>in</strong></span> <span class='ocrx_word' id='word_1_29' title='bbox 392 792 528 855; x_wconf 93' lang='lat' dir='ltr'><strong>multum</strong></span> <span class='ocrx_word' id='word_1_30' title='bbox 548 791 702 855; x_wconf 76' lang='lat' dir='ltr'><strong>referente</strong></span> <span class='ocrx_word' id='word_1_31' title='bbox 724 789 781 855; x_wconf 90' lang='lat' dir='ltr'><strong>deo</strong></span> <span class='ocrx_word' id='word_1_32' title='bbox 804 788 885 870; x_wconf 94' lang='lat' dir='ltr'><strong>quod</strong></span> <span class='ocrx_word' id='word_1_33' title='bbox 907 790 1082 871; x_wconf 81' lang='lat' dir='ltr'>sumpserat</span> <span class='ocrx_word' id='word_1_34' title='bbox 1104 791 1175 851; x_wconf 88' lang='grc'><strong>010</strong></span> 
     </span>
     <span class='ocr_line' id='line_1_6' title="bbox 334 892 1175 977; baseline -0.004 -20"><span class='ocrx_word' id='word_1_35' title='bbox 334 893 421 958; x_wconf 81' lang='lat' dir='ltr'><strong>fluxit</strong></span> <span class='ocrx_word' id='word_1_36' title='bbox 443 894 566 962; x_wconf 88' lang='lat' dir='ltr'><strong>abunda</strong></span> <span class='ocrx_word' id='word_1_37' title='bbox 588 894 650 958; x_wconf 90' lang='lat' dir='ltr'><strong>tuis</strong></span> <span class='ocrx_word' id='word_1_38' title='bbox 673 911 753 974; x_wconf 87' lang='lat' dir='ltr'><strong>aqua</strong></span> <span class='ocrx_word' id='word_1_39' title='bbox 774 893 898 977; x_wconf 82' lang='lat' dir='ltr'><strong>potibus</strong></span> <span class='ocrx_word' id='word_1_40' title='bbox 922 895 1013 973; x_wconf 89' lang='lat' dir='ltr'><strong>atque</strong></span> <span class='ocrx_word' id='word_1_41' title='bbox 1034 892 1175 956; x_wconf 87' lang='lat' dir='ltr'><strong>lauacris.</strong></span> 
     </span>
    </p>

    <p class='ocr_par' dir='ltr' id='par_1_4' title="bbox 333 995 1268 1185">
     <span class='ocr_line' id='line_1_7' title="bbox 377 995 1268 1081; baseline -0.003 -19"><span class='ocrx_word' id='word_1_42' title='bbox 377 998 533 1079; x_wconf 90' lang='lat' dir='ltr'><strong>quodnam</strong></span> <span class='ocrx_word' id='word_1_43' title='bbox 553 997 648 1081; x_wconf 92' lang='lat' dir='ltr'><strong>igitur</strong></span> <span class='ocrx_word' id='word_1_44' title='bbox 670 1000 757 1062; x_wconf 86' lang='lat' dir='ltr'><strong>tanto</strong></span> <span class='ocrx_word' id='word_1_45' title='bbox 780 1015 834 1081; x_wconf 94' lang='lat' dir='ltr'><strong>pro</strong></span> <span class='ocrx_word' id='word_1_46' title='bbox 857 1014 985 1060; x_wconf 91' lang='lat' dir='ltr'><strong>munere</strong></span> <span class='ocrx_word' id='word_1_47' title='bbox 1007 1014 1132 1076; x_wconf 90' lang='lat' dir='ltr'><strong>munus,</strong></span> <span class='ocrx_word' id='word_1_48' title='bbox 1154 995 1268 1061; x_wconf 86' lang='lat' dir='ltr'><strong>Abella</strong></span> 
     </span>
     <span class='ocr_line' id='line_1_8' title="bbox 333 1100 1252 1185; baseline -0.001 -19"><span class='ocrx_word' id='word_1_49' title='bbox 333 1120 451 1185; x_wconf 81' lang='lat' dir='ltr'><strong>pauper</strong></span> <span class='ocrx_word' id='word_1_50' title='bbox 473 1120 577 1185; x_wconf 93' lang='lat' dir='ltr'><strong>opum,</strong></span> <span class='ocrx_word' id='word_1_51' title='bbox 599 1102 734 1166; x_wconf 84' lang='lat' dir='ltr'><strong>referam</strong></span> <span class='ocrx_word' id='word_1_52' title='bbox 755 1100 832 1165; x_wconf 82' lang='lat' dir='ltr'><strong>tibi?</strong></span> <span class='ocrx_word' id='word_1_53' title='bbox 856 1101 968 1165; x_wconf 91' lang='lat' dir='ltr'><strong>saltem</strong></span> <span class='ocrx_word' id='word_1_54' title='bbox 990 1101 1125 1173; x_wconf 80' lang='lat' dir='ltr'><strong>carmine</strong></span> <span class='ocrx_word' id='word_1_55' title='bbox 1147 1104 1252 1165; x_wconf 89' lang='lat' dir='ltr'><strong>nostro</strong></span> 
     </span>
    </p>

    <p class='ocr_par' dir='ltr' id='par_1_5' title="bbox 253 1204 1247 1288">
     <span class='ocr_line' id='line_1_9' title="bbox 253 1204 1247 1288; baseline 0.001 -22"><span class='ocrx_word' id='word_1_56' title='bbox 253 1214 313 1269; x_wconf 80' lang='grc'><strong>700</strong></span> <span class='ocrx_word' id='word_1_57' title='bbox 336 1205 517 1288; x_wconf 85' lang='lat' dir='ltr'>obsequium</span> <span class='ocrx_word' id='word_1_58' title='bbox 539 1223 715 1286; x_wconf 89' lang='lat' dir='ltr'><strong>nomenque</strong></span> <span class='ocrx_word' id='word_1_59' title='bbox 737 1207 826 1269; x_wconf 90' lang='lat' dir='ltr'><strong>tuum</strong></span> <span class='ocrx_word' id='word_1_60' title='bbox 849 1204 924 1268; x_wconf 93' lang='lat' dir='ltr'><strong>dum</strong></span> <span class='ocrx_word' id='word_1_61' title='bbox 945 1204 1087 1286; x_wconf 83' lang='lat' dir='ltr'><strong>praedico</strong></span> <span class='ocrx_word' id='word_1_62' title='bbox 1110 1204 1247 1287; x_wconf 84' lang='lat' dir='ltr'><strong>signans,</strong></span> 
     </span>
    </p>

    <p class='ocr_par' dir='ltr' id='par_1_6' title="bbox 282 1297 1161 1705">
     <span class='ocr_line' id='line_1_10' title="bbox 282 1297 1103 1391; baseline -0.002 -17"><span class='ocrx_word' id='word_1_63' title='bbox 282 1297 284 1299; x_wconf 58' lang='grc'><strong>’</strong></span> <span class='ocrx_word' id='word_1_64' title='bbox 333 1309 391 1373; x_wconf 90' lang='lat' dir='ltr'><strong>hoc</strong></span> <span class='ocrx_word' id='word_1_65' title='bbox 412 1308 550 1391; x_wconf 83' lang='lat' dir='ltr'><strong>pensabo</strong></span> <span class='ocrx_word' id='word_1_66' title='bbox 572 1309 629 1374; x_wconf 91' lang='lat' dir='ltr'><strong>tibi</strong></span> <span class='ocrx_word' id='word_1_67' title='bbox 650 1309 783 1391; x_wconf 91' lang='lat' dir='ltr'><strong>pretium</strong></span> <span class='ocrx_word' id='word_1_68' title='bbox 806 1308 956 1372; x_wconf 77' lang='lat' dir='ltr'><strong>mercedis</strong></span> <span class='ocrx_word' id='word_1_69' title='bbox 979 1310 1103 1388; x_wconf 87' lang='lat' dir='ltr'><strong>honoro,</strong></span> 
     </span>
     <span class='ocr_line' id='line_1_11' title="bbox 335 1412 1065 1495; baseline -0.001 -18"><span class='ocrx_word' id='word_1_70' title='bbox 335 1413 446 1478; x_wconf 83' lang='lat' dir='ltr'><strong>Felicis</strong></span> <span class='ocrx_word' id='word_1_71' title='bbox 470 1415 569 1478; x_wconf 86' lang='grc'>000011</span> <span class='ocrx_word' id='word_1_72' title='bbox 591 1412 736 1478; x_wconf 88' lang='lat' dir='ltr'><strong>scriberis</strong></span> <span class='ocrx_word' id='word_1_73' title='bbox 758 1415 793 1476; x_wconf 92' lang='lat' dir='ltr'><strong>ut</strong></span> <span class='ocrx_word' id='word_1_74' title='bbox 816 1412 920 1477; x_wconf 86' lang='lat' dir='ltr'><strong>addita</strong></span> <span class='ocrx_word' id='word_1_75' title='bbox 943 1432 1065 1495; x_wconf 89' lang='lat' dir='ltr'><strong>semper</strong></span> 
     </span>
     <span class='ocr_line' id='line_1_12' title="bbox 332 1517 1135 1598; baseline -0.001 -18"><span class='ocrx_word' id='word_1_76' title='bbox 332 1517 476 1581; x_wconf 87' lang='lat' dir='ltr'><strong>laudibus</strong></span> <span class='ocrx_word' id='word_1_77' title='bbox 499 1520 531 1581; x_wconf 91' lang='lat' dir='ltr'><strong>et</strong></span> <span class='ocrx_word' id='word_1_78' title='bbox 552 1518 631 1581; x_wconf 86' lang='lat' dir='ltr'><strong>tanti</strong></span> <span class='ocrx_word' id='word_1_79' title='bbox 653 1517 832 1581; x_wconf 87' lang='lat' dir='ltr'><strong>memoreris</strong></span> <span class='ocrx_word' id='word_1_80' title='bbox 856 1517 983 1581; x_wconf 83' lang='lat' dir='ltr'><strong>alumna</strong></span> <span class='ocrx_word' id='word_1_81' title='bbox 1003 1517 1135 1598; x_wconf 86' lang='lat' dir='ltr'><strong>patroni,</strong></span> 
     </span>
     <span class='ocr_line' id='line_1_13' title="bbox 333 1618 1161 1705; baseline -0.001 -21"><span class='ocrx_word' id='word_1_82' title='bbox 333 1621 419 1685; x_wconf 91' lang='lat' dir='ltr'><strong>ouius</strong></span> <span class='ocrx_word' id='word_1_83' title='bbox 443 1621 592 1688; x_wconf 90' lang='lat' dir='ltr'><strong>donorum</strong></span> <span class='ocrx_word' id='word_1_84' title='bbox 614 1618 700 1705; x_wconf 79' lang='lat' dir='ltr'><strong>(tibi)</strong></span> <span class='ocrx_word' id='word_1_85' title='bbox 721 1621 857 1684; x_wconf 83' lang='lat' dir='ltr'><strong>maxima</strong></span> <span class='ocrx_word' id='word_1_86' title='bbox 877 1621 976 1703; x_wconf 87' lang='lat' dir='ltr'><strong>portio</strong></span> <span class='ocrx_word' id='word_1_87' title='bbox 998 1619 1082 1684; x_wconf 87' lang='lat' dir='ltr'><strong>facta</strong></span> <span class='ocrx_word' id='word_1_88' title='bbox 1105 1620 1161 1684; x_wconf 89' lang='grc'>001.</span> 
     </span>
    </p>

    <p class='ocr_par' dir='ltr' id='par_1_7' title="bbox 251 1723 1187 2224">
     <span class='ocr_line' id='line_1_14' title="bbox 251 1723 1179 1808; baseline 0.002 -22"><span class='ocrx_word' id='word_1_89' title='bbox 251 1732 310 1788; x_wconf 84' lang='grc'><strong>795</strong></span> <span class='ocrx_word' id='word_1_90' title='bbox 334 1743 417 1788; x_wconf 92' lang='grc'>0000</span> <span class='ocrx_word' id='word_1_91' title='bbox 438 1729 509 1789; x_wconf 89' lang='grc'>1000</span> <span class='ocrx_word' id='word_1_92' title='bbox 532 1725 592 1788; x_wconf 84' lang='grc'>1010</span> <span class='ocrx_word' id='word_1_93' title='bbox 613 1723 711 1804; x_wconf 87' lang='lat' dir='ltr'><strong>labor,</strong></span> <span class='ocrx_word' id='word_1_94' title='bbox 734 1742 793 1806; x_wconf 94' lang='lat' dir='ltr'><strong>quo</strong></span> <span class='ocrx_word' id='word_1_95' title='bbox 816 1727 847 1788; x_wconf 91' lang='lat' dir='ltr'><strong>te</strong></span> <span class='ocrx_word' id='word_1_96' title='bbox 869 1724 981 1789; x_wconf 79' lang='lat' dir='ltr'><strong>Felicis</strong></span> <span class='ocrx_word' id='word_1_97' title='bbox 1004 1724 1107 1808; x_wconf 88' lang='lat' dir='ltr'><strong>adegit</strong></span> <span class='ocrx_word' id='word_1_98' title='bbox 1178 1765 1179 1769; x_wconf 56' lang='lat'><em>=</em></span> 
     </span>
     <span class='ocr_line' id='line_1_15' title="bbox 333 1827 1151 1910; baseline -0.001 -18"><span class='ocrx_word' id='word_1_99' title='bbox 333 1829 468 1910; x_wconf 91' lang='lat' dir='ltr'><strong>spiritus,</strong></span> <span class='ocrx_word' id='word_1_100' title='bbox 491 1831 526 1892; x_wconf 91' lang='lat' dir='ltr'><strong>ut</strong></span> <span class='ocrx_word' id='word_1_101' title='bbox 548 1831 614 1892; x_wconf 87' lang='lat' dir='ltr'><strong>tota</strong></span> <span class='ocrx_word' id='word_1_102' title='bbox 635 1828 692 1891; x_wconf 93' lang='lat' dir='ltr'><strong>tibi</strong></span> <span class='ocrx_word' id='word_1_103' title='bbox 714 1827 805 1909; x_wconf 89' lang='lat' dir='ltr'><strong>plebe</strong></span> <span class='ocrx_word' id='word_1_104' title='bbox 826 1829 878 1893; x_wconf 93' lang='lat' dir='ltr'><strong>uel</strong></span> <span class='ocrx_word' id='word_1_105' title='bbox 899 1829 1003 1892; x_wconf 91' lang='lat' dir='ltr'><strong>ordine</strong></span> <span class='ocrx_word' id='word_1_106' title='bbox 1026 1845 1151 1892; x_wconf 87' lang='lat' dir='ltr'><strong>concors</strong></span> 
     </span>
     <span class='ocr_line' id='line_1_16' title="bbox 332 1932 1114 2016; baseline 0.001 -21"><span class='ocrx_word' id='word_1_107' title='bbox 332 1932 542 2016; x_wconf 81' lang='lat' dir='ltr'><strong>adgredereris</strong></span> <span class='ocrx_word' id='word_1_108' title='bbox 565 1950 641 2016; x_wconf 91' lang='lat' dir='ltr'><strong>opus</strong></span> <span class='ocrx_word' id='word_1_109' title='bbox 664 1950 778 2016; x_wconf 89' lang='lat' dir='ltr'><strong>magno</strong></span> <span class='ocrx_word' id='word_1_110' title='bbox 801 1933 911 2002; x_wconf 89' lang='lat' dir='ltr'><strong>sudore</strong></span> <span class='ocrx_word' id='word_1_111' title='bbox 933 1933 1114 2014; x_wconf 85' lang='lat' dir='ltr'><strong>perandum,</strong></span> 
     </span>
     <span class='ocr_line' id='line_1_17' title="bbox 332 2036 1165 2119; baseline 0 -19"><span class='ocrx_word' id='word_1_112' title='bbox 332 2039 470 2119; x_wconf 87' lang='lat' dir='ltr'><strong>tempore</strong></span> <span class='ocrx_word' id='word_1_113' title='bbox 493 2039 525 2100; x_wconf 88' lang='lat' dir='ltr'><strong>et</strong></span> <span class='ocrx_word' id='word_1_114' title='bbox 547 2037 664 2101; x_wconf 88' lang='lat' dir='ltr'><strong>aestiuo</strong></span> <span class='ocrx_word' id='word_1_115' title='bbox 687 2036 799 2101; x_wconf 92' lang='lat' dir='ltr'><strong>durum</strong></span> <span class='ocrx_word' id='word_1_116' title='bbox 822 2037 995 2119; x_wconf 85' lang='lat' dir='ltr'><strong>duplicante</strong></span> <span class='ocrx_word' id='word_1_117' title='bbox 1017 2037 1165 2118; x_wconf 85' lang='lat' dir='ltr'><strong>laborem,</strong></span> 
     </span>
     <span class='ocr_line' id='line_1_18' title="bbox 331 2140 1187 2224; baseline 0.004 -21"><span class='ocrx_word' id='word_1_118' title='bbox 331 2140 421 2203; x_wconf 89' lang='lat' dir='ltr'><strong>molis</strong></span> <span class='ocrx_word' id='word_1_119' title='bbox 444 2144 480 2205; x_wconf 93' lang='lat' dir='ltr'><strong>ut</strong></span> <span class='ocrx_word' id='word_1_120' title='bbox 502 2142 647 2223; x_wconf 87' lang='lat' dir='ltr'><strong>antiquae</strong></span> <span class='ocrx_word' id='word_1_121' title='bbox 668 2160 724 2224; x_wconf 91' lang='lat' dir='ltr'><strong>per</strong></span> <span class='ocrx_word' id='word_1_122' title='bbox 745 2141 852 2223; x_wconf 90' lang='lat' dir='ltr'><strong>iniqua</strong></span> <span class='ocrx_word' id='word_1_123' title='bbox 873 2141 1034 2206; x_wconf 81' lang='lat' dir='ltr'><strong>cacumina</strong></span> <span class='ocrx_word' id='word_1_124' title='bbox 1054 2142 1187 2207; x_wconf 88' lang='lat' dir='ltr'><strong>formam</strong></span> 
     </span>
    </p>

    <p class='ocr_par' dir='ltr' id='par_1_8' title="bbox 248 2245 1126 2742">
     <span class='ocr_line' id='line_1_19' title="bbox 248 2245 1126 2326; baseline 0.006 -21"><span class='ocrx_word' id='word_1_125' title='bbox 248 2251 308 2306; x_wconf 91' lang='grc'><strong>800</strong></span> <span class='ocrx_word' id='word_1_126' title='bbox 332 2245 504 2326; x_wconf 85' lang='lat' dir='ltr'><strong>praeteritis</strong></span> <span class='ocrx_word' id='word_1_127' title='bbox 528 2248 633 2310; x_wconf 88' lang='lat' dir='ltr'><strong>notam</strong></span> <span class='ocrx_word' id='word_1_128' title='bbox 656 2245 776 2326; x_wconf 87' lang='lat' dir='ltr'><strong>saeclis,</strong></span> <span class='ocrx_word' id='word_1_129' title='bbox 799 2245 861 2308; x_wconf 88' lang='lat' dir='ltr'><strong>iam</strong></span> <span class='ocrx_word' id='word_1_130' title='bbox 884 2263 956 2310; x_wconf 90' lang='lat' dir='ltr'><strong>uero</strong></span> <span class='ocrx_word' id='word_1_131' title='bbox 980 2246 1046 2309; x_wconf 93' lang='lat' dir='ltr'><strong>sine</strong></span> <span class='ocrx_word' id='word_1_132' title='bbox 1068 2265 1126 2310; x_wconf 90' lang='lat' dir='ltr'><strong>usu</strong></span> 
     </span>
     <span class='ocr_line' id='line_1_20' title="bbox 331 2346 1101 2432; baseline 0.005 -22"><span class='ocrx_word' id='word_1_133' title='bbox 331 2346 499 2412; x_wconf 88' lang='lat' dir='ltr'><strong>deficientis</strong></span> <span class='ocrx_word' id='word_1_134' title='bbox 523 2366 629 2430; x_wconf 85' lang='lat' dir='ltr'><strong>aquae,</strong></span> <span class='ocrx_word' id='word_1_135' title='bbox 642 2350 822 2432; x_wconf 64' lang='lat' dir='ltr'><strong>&#39;superactis</strong></span> <span class='ocrx_word' id='word_1_136' title='bbox 846 2349 979 2430; x_wconf 92' lang='lat' dir='ltr'><strong>undique</strong></span> <span class='ocrx_word' id='word_1_137' title='bbox 1002 2351 1101 2414; x_wconf 88' lang='lat' dir='ltr'><strong>multa</strong></span> 
     </span>
     <span class='ocr_line' id='line_1_21' title="bbox 331 2451 1063 2536; baseline 0.003 -22"><span class='ocrx_word' id='word_1_138' title='bbox 331 2451 472 2534; x_wconf 89' lang='lat' dir='ltr'><strong>congerie</strong></span> <span class='ocrx_word' id='word_1_139' title='bbox 494 2452 581 2515; x_wconf 92' lang='lat' dir='ltr'><strong>siluis</strong></span> <span class='ocrx_word' id='word_1_140' title='bbox 605 2452 687 2516; x_wconf 90' lang='lat' dir='ltr'><strong>inter</strong></span> <span class='ocrx_word' id='word_1_141' title='bbox 709 2453 782 2536; x_wconf 88' lang='lat' dir='ltr'><strong>iuga</strong></span> <span class='ocrx_word' id='word_1_142' title='bbox 803 2454 894 2516; x_wconf 89' lang='grc'>00010</span> <span class='ocrx_word' id='word_1_143' title='bbox 914 2454 1063 2517; x_wconf 83' lang='grc'>10100100</span> 
     </span>
     <span class='ocr_line' id='line_1_22' title="bbox 331 2554 1046 2639; baseline 0.003 -22"><span class='ocrx_word' id='word_1_144' title='bbox 331 2554 416 2618; x_wconf 86' lang='lat' dir='ltr'><strong>eruis</strong></span> <span class='ocrx_word' id='word_1_145' title='bbox 439 2554 602 2639; x_wconf 80' lang='lat' dir='ltr'><strong>aggeribus</strong></span> <span class='ocrx_word' id='word_1_146' title='bbox 626 2556 729 2620; x_wconf 91' lang='lat' dir='ltr'><strong>densis</strong></span> <span class='ocrx_word' id='word_1_147' title='bbox 753 2554 908 2637; x_wconf 80' lang='lat' dir='ltr'><strong>oblitaque</strong></span> <span class='ocrx_word' id='word_1_148' title='bbox 931 2555 1046 2620; x_wconf 87' lang='lat' dir='ltr'><strong>dudum</strong></span> 
     </span>
     <span class='ocr_line' id='line_1_23' title="bbox 329 2658 1100 2742; baseline 0.006 -22"><span class='ocrx_word' id='word_1_149' title='bbox 329 2658 436 2721; x_wconf 90' lang='lat' dir='ltr'><strong>munia</strong></span> <span class='ocrx_word' id='word_1_150' title='bbox 457 2659 597 2723; x_wconf 77' lang='lat' dir='ltr'><strong>restituis</strong></span> <span class='ocrx_word' id='word_1_151' title='bbox 620 2677 804 2741; x_wconf 85' lang='lat' dir='ltr'><strong>sparsasque</strong></span> <span class='ocrx_word' id='word_1_152' title='bbox 824 2679 880 2742; x_wconf 93' lang='lat' dir='ltr'><strong>per</strong></span> <span class='ocrx_word' id='word_1_153' title='bbox 902 2660 973 2724; x_wconf 88' lang='lat' dir='ltr'><strong>auia</strong></span> <span class='ocrx_word' id='word_1_154' title='bbox 994 2678 1100 2741; x_wconf 86' lang='lat' dir='ltr'><strong>uenas,</strong></span> 
     </span>
    </p>

    <p class='ocr_par' dir='ltr' id='par_1_9' title="bbox 246 2762 1195 3247">
     <span class='ocr_line' id='line_1_24' title="bbox 246 2762 1156 2845; baseline 0.004 -21"><span class='ocrx_word' id='word_1_155' title='bbox 246 2769 306 2824; x_wconf 83' lang='lat'><strong>805</strong></span> <span class='ocrx_word' id='word_1_156' title='bbox 329 2763 479 2845; x_wconf 91' lang='lat' dir='ltr'><strong>pumiceis</strong></span> <span class='ocrx_word' id='word_1_157' title='bbox 502 2764 564 2827; x_wconf 89' lang='grc'>0110</span> <span class='ocrx_word' id='word_1_158' title='bbox 587 2782 664 2845; x_wconf 86' lang='lat' dir='ltr'><strong>quae</strong></span> <span class='ocrx_word' id='word_1_159' title='bbox 686 2762 891 2829; x_wconf 88' lang='lat' dir='ltr'><strong>sorbebantur</strong></span> <span class='ocrx_word' id='word_1_160' title='bbox 912 2763 1045 2845; x_wconf 84' lang='lat' dir='ltr'><strong>harenis,</strong></span> <span class='ocrx_word' id='word_1_161' title='bbox 1153 2784 1156 2789; x_wconf 89' lang='lat'>·</span> 
     </span>
     <span class='ocr_line' id='line_1_25' title="bbox 328 2867 1144 2952; baseline 0.006 -23"><span class='ocrx_word' id='word_1_162' title='bbox 328 2867 447 2950; x_wconf 88' lang='lat' dir='ltr'><strong>colligis</strong></span> <span class='ocrx_word' id='word_1_163' title='bbox 470 2871 579 2932; x_wconf 88' lang='grc'>01000</span> <span class='ocrx_word' id='word_1_164' title='bbox 601 2885 756 2950; x_wconf 85' lang='lat' dir='ltr'><strong>quamque</strong></span> <span class='ocrx_word' id='word_1_165' title='bbox 778 2870 865 2950; x_wconf 88' lang='lat' dir='ltr'><strong>sequi</strong></span> <span class='ocrx_word' id='word_1_166' title='bbox 886 2871 1017 2952; x_wconf 89' lang='lat' dir='ltr'><strong>uestigia</strong></span> <span class='ocrx_word' id='word_1_167' title='bbox 1037 2889 1144 2934; x_wconf 89' lang='lat' dir='ltr'><strong>rursus</strong></span> 
     </span>
     <span class='ocr_line' id='line_1_26' title="bbox 328 2969 1195 3052; baseline 0.007 -19"><span class='ocrx_word' id='word_1_168' title='bbox 328 2969 410 3052; x_wconf 82' lang='lat' dir='ltr'><strong>mgis</strong></span> <span class='ocrx_word' id='word_1_169' title='bbox 434 2987 546 3051; x_wconf 89' lang='lat' dir='ltr'><strong>aquam</strong></span> <span class='ocrx_word' id='word_1_170' title='bbox 569 2974 600 3035; x_wconf 91' lang='lat' dir='ltr'><strong>et</strong></span> <span class='ocrx_word' id='word_1_171' title='bbox 621 2971 767 3036; x_wconf 89' lang='lat' dir='ltr'><strong>reducem</strong></span> <span class='ocrx_word' id='word_1_172' title='bbox 788 2973 906 3036; x_wconf 88' lang='lat' dir='ltr'><strong>formae</strong></span> <span class='ocrx_word' id='word_1_173' title='bbox 928 2973 1064 3038; x_wconf 87' lang='lat' dir='ltr'><strong>matricis</strong></span> <span class='ocrx_word' id='word_1_174' title='bbox 1086 2975 1119 3038; x_wconf 90' lang='lat' dir='ltr'><strong>in</strong></span> <span class='ocrx_word' id='word_1_175' title='bbox 1141 2991 1195 3039; x_wconf 90' lang='lat' dir='ltr'><strong>ora</strong></span> 
     </span>
     <span class='ocr_line' id='line_1_27' title="bbox 327 3073 1066 3141; baseline 0.007 -5"><span class='ocrx_word' id='word_1_176' title='bbox 327 3073 448 3136; x_wconf 91' lang='lat' dir='ltr'><strong>inuehis</strong></span> <span class='ocrx_word' id='word_1_177' title='bbox 472 3076 502 3138; x_wconf 88' lang='lat' dir='ltr'><strong>et</strong></span> <span class='ocrx_word' id='word_1_178' title='bbox 524 3075 641 3138; x_wconf 92' lang='lat' dir='ltr'><strong>dudum</strong></span> <span class='ocrx_word' id='word_1_179' title='bbox 662 3092 776 3140; x_wconf 88' lang='lat' dir='ltr'><strong>uacuos</strong></span> <span class='ocrx_word' id='word_1_180' title='bbox 798 3079 939 3140; x_wconf 84' lang='lat' dir='ltr'><strong>cessante</strong></span> <span class='ocrx_word' id='word_1_181' title='bbox 962 3080 1066 3141; x_wconf 84' lang='lat' dir='ltr'><strong>meatu</strong></span> 
     </span>
     <span class='ocr_line' id='line_1_28' title="bbox 328 3177 1021 3247; baseline 0.004 -6"><span class='ocrx_word' id='word_1_182' title='bbox 328 3179 480 3242; x_wconf 85' lang='lat' dir='ltr'><strong>exundare</strong></span> <span class='ocrx_word' id='word_1_183' title='bbox 503 3179 579 3243; x_wconf 83' lang='lat' dir='ltr'><strong>fecis</strong></span> <span class='ocrx_word' id='word_1_184' title='bbox 601 3177 696 3245; x_wconf 89' lang='lat' dir='ltr'><strong>fluctu</strong></span> <span class='ocrx_word' id='word_1_185' title='bbox 719 3183 876 3244; x_wconf 87' lang='lat' dir='ltr'><strong>remeante</strong></span> <span class='ocrx_word' id='word_1_186' title='bbox 899 3182 1021 3247; x_wconf 88' lang='grc'>0000100</span> 
     </span>
    </p>

    <p class='ocr_par' dir='ltr' id='par_1_10' title="bbox 244 3282 1207 3789">
     <span class='ocr_line' id='line_1_29' title="bbox 244 3282 1150 3365; baseline 0.008 -22"><span class='ocrx_word' id='word_1_187' title='bbox 244 3289 305 3344; x_wconf 89' lang='grc'><strong>810</strong></span> <span class='ocrx_word' id='word_1_188' title='bbox 329 3284 420 3363; x_wconf 90' lang='lat' dir='ltr'><strong>atque</strong></span> <span class='ocrx_word' id='word_1_189' title='bbox 443 3282 494 3346; x_wconf 92' lang='lat' dir='ltr'><strong>diu</strong></span> <span class='ocrx_word' id='word_1_190' title='bbox 516 3284 676 3365; x_wconf 86' lang='lat' dir='ltr'><strong>querulam</strong></span> <span class='ocrx_word' id='word_1_191' title='bbox 699 3282 857 3348; x_wconf 88' lang='lat' dir='ltr'><strong>subductis</strong></span> <span class='ocrx_word' id='word_1_192' title='bbox 880 3284 1017 3349; x_wconf 83' lang='lat' dir='ltr'><strong>lontibus</strong></span> <span class='ocrx_word' id='word_1_193' title='bbox 1040 3284 1150 3350; x_wconf 91' lang='lat' dir='ltr'><strong>urbem</strong></span> 
     </span>
     <span class='ocr_line' id='line_1_30' title="bbox 326 3385 1046 3468; baseline 0.006 -20"><span class='ocrx_word' id='word_1_194' title='bbox 326 3385 389 3448; x_wconf 86' lang='lat' dir='ltr'><strong>iam</strong></span> <span class='ocrx_word' id='word_1_195' title='bbox 411 3385 571 3467; x_wconf 87' lang='lat' dir='ltr'><strong>desperato</strong></span> <span class='ocrx_word' id='word_1_196' title='bbox 593 3386 752 3468; x_wconf 87' lang='lat' dir='ltr'><strong>perfundis</strong></span> <span class='ocrx_word' id='word_1_197' title='bbox 774 3386 902 3451; x_wconf 91' lang='lat' dir='ltr'><strong>flumine</strong></span> <span class='ocrx_word' id='word_1_198' title='bbox 923 3387 1046 3468; x_wconf 88' lang='lat' dir='ltr'><strong>Nolam,</strong></span> 
     </span>
     <span class='ocr_line' id='line_1_31' title="bbox 326 3489 1150 3573; baseline 0.006 -21"><span class='ocrx_word' id='word_1_199' title='bbox 326 3506 403 3570; x_wconf 85' lang='lat' dir='ltr'><strong>quae</strong></span> <span class='ocrx_word' id='word_1_200' title='bbox 426 3489 538 3553; x_wconf 87' lang='lat' dir='ltr'><strong>fruitur</strong></span> <span class='ocrx_word' id='word_1_201' title='bbox 560 3489 671 3553; x_wconf 83' lang='lat' dir='ltr'><strong>Felicis</strong></span> <span class='ocrx_word' id='word_1_202' title='bbox 695 3490 792 3571; x_wconf 86' lang='lat' dir='ltr'><strong>aquis,</strong></span> <span class='ocrx_word' id='word_1_203' title='bbox 816 3491 888 3572; x_wconf 89' lang='lat' dir='ltr'><strong>quia</strong></span> <span class='ocrx_word' id='word_1_204' title='bbox 910 3491 997 3573; x_wconf 86' lang='lat' dir='ltr'><strong>copia</strong></span> <span class='ocrx_word' id='word_1_205' title='bbox 1019 3511 1079 3556; x_wconf 93' lang='lat' dir='ltr'><strong>non</strong></span> <span class='ocrx_word' id='word_1_206' title='bbox 1103 3497 1150 3557; x_wconf 92' lang='grc'><strong>001</strong></span> 
     </span>
     <span class='ocr_line' id='line_1_32' title="bbox 325 3590 1207 3678; baseline 0.008 -24"><span class='ocrx_word' id='word_1_207' title='bbox 325 3590 402 3656; x_wconf 88' lang='lat' dir='ltr'><strong>haec</strong></span> <span class='ocrx_word' id='word_1_208' title='bbox 423 3593 483 3674; x_wconf 92' lang='lat' dir='ltr'><strong>ipsi</strong></span> <span class='ocrx_word' id='word_1_209' title='bbox 505 3610 563 3656; x_wconf 91' lang='grc'><strong>000</strong></span> <span class='ocrx_word' id='word_1_210' title='bbox 584 3611 667 3656; x_wconf 90' lang='grc'>0000</span> <span class='ocrx_word' id='word_1_211' title='bbox 689 3593 766 3673; x_wconf 93' lang='lat' dir='ltr'><strong>urbi,</strong></span> <span class='ocrx_word' id='word_1_212' title='bbox 790 3612 884 3675; x_wconf 89' lang='lat' dir='ltr'><strong>quam</strong></span> <span class='ocrx_word' id='word_1_213' title='bbox 906 3613 1003 3677; x_wconf 89' lang='lat' dir='ltr'><strong>nuper</strong></span> <span class='ocrx_word' id='word_1_214' title='bbox 1025 3597 1138 3678; x_wconf 84' lang='lat' dir='ltr'><strong>adepte</strong></span> <span class='ocrx_word' id='word_1_215' title='bbox 1159 3600 1207 3661; x_wconf 90' lang='lat' dir='ltr'><strong>est</strong></span> 
     </span>
     <span class='ocr_line' id='line_1_33' title="bbox 325 3695 1084 3789; baseline 0.007 -30"><span class='ocrx_word' id='word_1_216' title='bbox 325 3695 435 3760; x_wconf 83' lang='lat' dir='ltr'><strong>Felicis</strong></span> <span class='ocrx_word' id='word_1_217' title='bbox 458 3697 570 3777; x_wconf 90' lang='lat' dir='ltr'><strong>studio,</strong></span> <span class='ocrx_word' id='word_1_218' title='bbox 593 3697 730 3762; x_wconf 90' lang='lat' dir='ltr'><strong>modicae</strong></span> <span class='ocrx_word' id='word_1_219' title='bbox 752 3716 807 3780; x_wconf 93' lang='lat' dir='ltr'><strong>pro</strong></span> <span class='ocrx_word' id='word_1_220' title='bbox 829 3718 957 3763; x_wconf 90' lang='lat' dir='ltr'><strong>munere</strong></span> <span class='ocrx_word' id='word_1_221' title='bbox 978 3703 1084 3789; x_wconf 88' lang='lat' dir='ltr'><strong>guttae</strong></span> 
     </span>
    </p>
   </div>
   <div class='ocr_carea' id='block_1_3' title="bbox 219 3970 1343 4301">
    <p class='ocr_par' dir='ltr' id='par_1_11' title="bbox 219 3970 1343 4301">
     <span class='ocr_line' id='line_1_34' title="bbox 264 3970 1343 4046; baseline 0.008 -22"><span class='ocrx_word' id='word_1_222' title='bbox 264 3971 314 4025; x_wconf 89' lang='grc'><strong>788</strong></span> <span class='ocrx_word' id='word_1_223' title='bbox 332 3970 437 4024; x_wconf 85' lang='lat' dir='ltr'><strong>faenore</strong></span> <span class='ocrx_word' id='word_1_224' title='bbox 449 3973 506 4027; x_wconf 84' lang='lat' dir='ltr'><strong>AD</strong></span> <span class='ocrx_word' id='word_1_225' title='bbox 558 3975 608 4029; x_wconf 87' lang='grc'>785</span> <span class='ocrx_word' id='word_1_226' title='bbox 627 3975 804 4042; x_wconf 78' lang='lat' dir='ltr'><strong>tuaeoddide&#39;,</strong></span> <span class='ocrx_word' id='word_1_227' title='bbox 823 3993 872 4030; x_wconf 86' lang='lat' dir='ltr'><strong>om.</strong></span> <span class='ocrx_word' id='word_1_228' title='bbox 885 3977 942 4031; x_wconf 76' lang='lat' dir='ltr'><strong>AD</strong></span> <span class='ocrx_word' id='word_1_229' title='bbox 994 3992 1075 4044; x_wconf 87' lang='lat' dir='ltr'><strong>aquae</strong></span> <span class='ocrx_word' id='word_1_230' title='bbox 1087 3978 1255 4046; x_wconf 68' lang='grc'>0000100</span> <span class='ocrx_word' id='word_1_231' title='bbox 1267 3981 1343 4035; x_wconf 73' lang='lat' dir='ltr'><strong>Matr.</strong></span> 
     </span>
     <span class='ocr_line' id='line_1_35' title="bbox 221 4055 1342 4131; baseline 0.012 -20"><span class='ocrx_word' id='word_1_232' title='bbox 221 4058 271 4112; x_wconf 88' lang='grc'>789</span> <span class='ocrx_word' id='word_1_233' title='bbox 283 4055 372 4110; x_wconf 85' lang='lat' dir='ltr'><strong>saltim</strong></span> <span class='ocrx_word' id='word_1_234' title='bbox 384 4056 450 4125; x_wconf 68' lang='lat' dir='ltr'><strong>(ica</strong></span> <span class='ocrx_word' id='word_1_235' title='bbox 474 4057 525 4126; x_wconf 79' lang='lat' dir='ltr'><strong>lD</strong></span> <span class='ocrx_word' id='word_1_236' title='bbox 568 4058 839 4130; x_wconf 48' lang='grc' dir='ltr'><strong>Ἰ794111)111100.,001.</strong></span> <span class='ocrx_word' id='word_1_237' title='bbox 852 4062 909 4116; x_wconf 83' lang='lat' dir='ltr'><strong>AD</strong></span> <span class='ocrx_word' id='word_1_238' title='bbox 953 4063 1249 4131; x_wconf 79' lang='lat' dir='ltr'><strong>portiomarimaMor.</strong></span> <span class='ocrx_word' id='word_1_239' title='bbox 1302 4071 1342 4123; x_wconf 86' lang='lat' dir='ltr'><strong>est</strong></span> 
     </span>
     <span class='ocr_line' id='line_1_36' title="bbox 220 4143 1342 4216; baseline 0.012 -21"><span class='ocrx_word' id='word_1_240' title='bbox 220 4143 252 4196; x_wconf 79' lang='lat' dir='ltr'><strong>ia</strong></span> <span class='ocrx_word' id='word_1_241' title='bbox 272 4158 299 4195; x_wconf 91' lang='lat' dir='ltr'><strong>es</strong></span> <span class='ocrx_word' id='word_1_242' title='bbox 320 4159 388 4199; x_wconf 83' lang='lat' dir='ltr'><strong>corr.</strong></span> <span class='ocrx_word' id='word_1_243' title='bbox 405 4145 436 4198; x_wconf 90' lang='lat' dir='ltr'><em>D</em></span> <span class='ocrx_word' id='word_1_244' title='bbox 495 4147 545 4200; x_wconf 91' lang='grc'><strong>799</strong></span> <span class='ocrx_word' id='word_1_245' title='bbox 563 4145 604 4214; x_wconf 89' lang='grc'><strong>01]</strong></span> <span class='ocrx_word' id='word_1_246' title='bbox 627 4147 657 4198; x_wconf 89' lang='grc'><strong>10</strong></span> <span class='ocrx_word' id='word_1_247' title='bbox 678 4148 742 4215; x_wconf 72' lang='lat' dir='ltr'><strong>foca.</strong></span> <span class='ocrx_word' id='word_1_248' title='bbox 803 4149 854 4202; x_wconf 83' lang='lat'><strong>804</strong></span> <span class='ocrx_word' id='word_1_249' title='bbox 871 4163 1011 4216; x_wconf 87' lang='lat' dir='ltr'><strong>sparsaque</strong></span> <span class='ocrx_word' id='word_1_250' title='bbox 1029 4152 1055 4203; x_wconf 80' lang='lat' dir='ltr'><strong><em>A</em></strong></span> <span class='ocrx_word' id='word_1_251' title='bbox 1113 4152 1161 4206; x_wconf 91' lang='grc'><strong>807</strong></span> <span class='ocrx_word' id='word_1_252' title='bbox 1180 4166 1252 4205; x_wconf 87' lang='lat' dir='ltr'><strong>orem</strong></span> <span class='ocrx_word' id='word_1_253' title='bbox 1269 4153 1342 4209; x_wconf 84' lang='lat' dir='ltr'><strong>A¹D</strong></span> 
     </span>
     <span class='ocr_line' id='line_1_37' title="bbox 219 4227 894 4301; baseline 0.006 -17"><span class='ocrx_word' id='word_1_254' title='bbox 219 4229 270 4284; x_wconf 87' lang='lat'><strong>809</strong></span> <span class='ocrx_word' id='word_1_255' title='bbox 288 4227 371 4283; x_wconf 82' lang='lat' dir='ltr'><strong>faucis</strong></span> <span class='ocrx_word' id='word_1_256' title='bbox 389 4231 415 4285; x_wconf 79' lang='lat' dir='ltr'><em>A</em></span> <span class='ocrx_word' id='word_1_257' title='bbox 467 4233 517 4289; x_wconf 83' lang='lat'><strong>813</strong></span> <span class='ocrx_word' id='word_1_258' title='bbox 535 4231 659 4300; x_wconf 84' lang='lat' dir='ltr'><strong>adempta</strong></span> <span class='ocrx_word' id='word_1_259' title='bbox 676 4233 745 4301; x_wconf 71' lang='lat' dir='ltr'><strong>Ara·</strong></span> <span class='ocrx_word' id='word_1_260' title='bbox 761 4250 807 4288; x_wconf 83' lang='lat' dir='ltr'><strong>em.</strong></span> <span class='ocrx_word' id='word_1_261' title='bbox 820 4235 894 4288; x_wconf 74' lang='lat' dir='ltr'><strong>Mser.</strong></span> 
     </span>
    </p>
   </div>
   <div class='ocr_carea' id='block_1_4' title="bbox 0 0 1464 4664">
    <p class='ocr_par' dir='ltr' id='par_1_12' title="bbox 0 0 1464 4664">
     <span class='ocr_line' id='line_1_38' title="bbox 0 0 1464 4664; baseline 0 0"><span class='ocrx_word' id='word_1_262' title='bbox 0 0 1464 4664; x_wconf 95' lang='lat' dir='ltr'><strong> </strong></span> 
     </span>
    </p>
   </div>
  </div>
 </body>
</html>
