2918 4664
481 291 507 344 S.
519 289 651 344 Paulini
669 288 786 344 Nolani
802 287 945 358 episeopi

304 475 363 530 225
410 485 481 531 nem
504 463 582 531 liber
604 465 705 546 undis,
726 465 808 529 intre
829 481 914 528 mare
935 462 992 549 (et)
1014 468 1098 528 exter
1121 465 1223 544 maris,

456 573 543 634 natat
564 570 596 634 in
619 571 745 633 natante
767 568 869 648 belua,

407 675 590 756 eleususque
619 670 832 758 quem<quem>
860 689 984 756 eerpere
1014 673 1076 737 exit
1105 673 1144 738 ed
1174 673 1266 737 deum

456 780 564 844 uelem
586 777 735 861 prophete
756 777 874 859 spiritu.

406 901 515 965 eorpus
538 885 660 946 tenetur
682 897 816 962 serpere,
839 883 871 944 et
892 880 1006 945 mentis
1028 881 1134 963 fugem

303 994 364 1051 230
458 974 579 1051 terrene
600 985 703 1050 uincla
724 1002 786 1050 nen
808 987 923 1049 tenent.

406 1091 542 1155 inclusus
565 1091 635 1155 elue
657 1107 812 1154 carcerem
833 1089 950 1172 rumpit
970 1108 1060 1174 preee

456 1215 606 1278 auresque
627 1195 773 1278 pertingit
799 1195 861 1269 dei;

406 1300 536 1364 orationi
557 1299 635 1364 liber
658 1302 689 1363 et
709 1299 832 1363 dinetus
853 1298 944 1382 fugae

456 1402 515 1467 fide
538 1421 593 1467 sue
616 1421 684 1467 sese
710 1403 818 1486 arguit

304 1514 364 1569 235
409 1508 481 1570 nem
505 1507 556 1588 qui
578 1508 703 1589 putarat
723 1524 778 1589 per
800 1524 885 1570 mere
907 1506 996 1570 euadi
1018 1505 1109 1570 deum

457 1615 488 1675 et
511 1629 589 1674 neue
612 1610 704 1674 eelari
726 1609 792 1688 dee,

405 1732 486 1779 nune
508 1715 567 1778 iste
590 1717 620 1778 et
641 1715 723 1778 intre
744 1714 868 1778 beluam
890 1731 1023 1777 mersam
1046 1714 1123 1777 mari

456 1819 563 1883 edesse
585 1817 691 1882 eredat
712 1817 872 1882 arbitrum.

406 1922 470 1987 iam
491 1939 542 1986 me
562 1919 676 1987 refene
698 1920 808 1986 flexilis
829 1919 916 1985 uerbi
939 1921 1048 2005 pedem

305 2032 366 2088 240
462 2015 582 2110 eportet
603 2025 642 2089 ed
663 2025 763 2090 Ieren
787 2043 901 2106 meum,

407 2148 501 2212 quem
522 2147 607 2195 mere
628 2129 707 2194 eeeti
728 2129 840 2193 eumbe
861 2129 996 2211 euseepit
1021 2146 1115 2210 ceper

458 2236 605 2315 uteroque
628 2235 806 2298 eenelusum
829 2250 884 2297 sue

406 2337 490 2401 uexit
511 2339 696 2401 trementem
716 2337 828 2420 frigere
850 2340 882 2401 et
902 2336 1065 2401 formidine

307 2432 309 2436 '
458 2442 640 2522 salsumque
661 2444 761 2505 terrae
781 2440 922 2505 reddidit.

304 2553 364 2607 245
408 2545 521 2609 mirum
543 2547 681 2610 renarrat
703 2563 736 2609 se
757 2564 812 2629 per
833 2545 910 2610 illud
930 2547 1087 2627 temperis,

457 2666 528 2712 eum
550 2667 652 2733 puppe
674 2666 822 2732 praeceps
844 2649 940 2714 ardue

407 2752 521 2816 saliens
544 2753 575 2817 in
598 2752 684 2817 illem
707 2753 871 2818 decidisset
892 2752 1056 2816 naueulem

458 2875 554 2939 eeque
576 2859 712 2922 uenisset
733 2858 801 2937 leei,

408 2979 467 3042 quo
490 2960 602 3026 cumbe
624 2962 756 3026 multem
779 2962 907 3026 duxerat
927 2960 1013 3025 rimie
1036 2978 1147 3042 equam

305 3073 366 3128 250
460 3067 561 3130 olente
584 3065 723 3130 sentinae
744 3064 823 3144 laed,

407 3169 515 3233 stetim
535 3168 660 3234 sedente
682 3168 809 3252 frigidos
831 3171 915 3232 artus
938 3169 994 3232 dee

458 3274 557 3355 quiete
580 3273 714 3355 sopitum
737 3290 824 3338 saera

408 3377 586 3458 nudumque
614 3379 645 3440 et
670 3377 776 3457 udum,
802 3377 909 3459 fugere
930 3393 1008 3458 quae
1031 3393 1156 3440 somnus
1179 3375 1268 3456 solet,

458 3480 611 3548 dormisse
627 3481 712 3545 lecte·
729 3480 862 3561 mollius,

306 3593 366 3647 255
411 3584 570 3666 spatioque
592 3587 667 3664 tete,
689 3602 746 3666 que
768 3584 882 3648 relatus
905 3583 987 3648 litori
1009 3588 1065 3664 est,

459 3704 566 3751 somne
589 3687 684 3752 fuisse
707 3686 854 3768 deditum,

196 3880 246 3934 225
264 3878 291 3930 et
302 3878 341 3932 ed.
356 3878 453 3944 Sedet,
464 3894 514 3931 om.
527 3876 600 3932 BOv
649 3879 699 3933 227
717 3891 876 3945 quemquam
894 3895 916 3944 v,
934 3891 1012 3944 quem
1024 3875 1078 3931 ΒΟ
1128 3878 1179 3931 229
1196 3874 1269 3931 adB

154 3964 246 4032 fugem
264 3965 360 4031 Rosm,
378 3963 442 4031 fuge
458 3963 534 4020 Rov
592 3965 643 4020 235
661 3962 751 4018 euadit
767 3964 794 4019 Β
857 3965 908 4020 238
925 3961 1009 4017 eredit
1025 3963 1271 4020 eoniZeeIrmeieter

154 4054 204 4108 239
223 4051 311 4105 redem
328 4053 355 4106 Β
412 4052 461 4107 240
479 4051 541 4105 iomi
556 4053 583 4107 Β
639 4053 686 4107 241
707 4050 758 4105 eeti
774 4052 801 4106 Β
858 4052 908 4108 245
926 4064 1027 4120 semper
1044 4052 1072 4106 Β
1126 4051 1176 4105 247
1194 4049 1269 4104 usui·

156 4137 242 4192 culam
260 4139 287 4193 B
338 4140 388 4194 249
406 4137 485 4192 remis
503 4139 530 4192 B
582 4141 632 4195 253
650 4153 727 4206 quem
743 4140 806 4208 fert.
857 4139 908 4194 254
926 4135 1078 4193 dormireO
1128 4135 1269 4206 mollinse,

152 4224 279 4279 mollibus
296 4226 350 4280 ΒΟ
401 4227 451 4282 255
470 4241 519 4294 que
536 4225 563 4280 Β
614 4225 699 4279 littori
715 4225 743 4279 Β
