2918 4664
229 256 289 320 178
553 275 579 329 S.
592 275 723 329 Paulini
739 275 857 330 Nolani
874 278 1018 347 episcopi

327 451 491 515 inueniunt
512 451 676 535 pauidique
698 469 809 516 manus
831 470 904 516 oum
924 453 1052 535 puluere
1074 454 1173 518 multo

246 563 307 617 000
329 554 471 619 faucibus
494 573 513 619 a
533 556 646 619 tumuli
667 555 836 620 retrahunt
860 574 942 620 noua
962 576 1012 620 res
1034 561 1140 622 mouet
1161 576 1269 622 omnes

328 663 360 722 et
380 658 518 723 studium
539 659 678 723 accendit
700 658 795 723 subiti
816 659 984 741 disquirere
1006 679 1132 725 cansam

326 763 464 846 prodigii.
488 763 590 847 placet
612 782 684 847 ergo
706 763 788 827 diem
810 764 968 828 condicere
990 768 1107 828 certam

327 869 455 933 scrutari
477 870 509 932 et
529 869 670 952 penitam
691 867 834 939 submoto
856 886 1009 935 marmore
1031 870 1146 934 sedem.

326 971 384 1035 hoc
407 973 531 1051 etenim,
553 973 663 1052 fateor,
685 973 778 1036 nimis
800 974 890 1037 anxia
912 990 986 1036 cura
1007 972 1146 1053 timebat,

244 1082 304 1138 000
328 1076 437 1157 ecquid
457 1078 536 1141 forte
557 1077 608 1160 pio
630 1077 668 1141 de
690 1094 815 1160 corpore
837 1077 939 1161 puluis
961 1077 1099 1157 haberet,

328 1199 420 1262 quem
446 1199 557 1245 manns
584 1200 601 1244 e
628 1182 747 1246 tumulo
773 1201 828 1264 per
854 1187 961 1264 aperta
985 1181 1137 1245 foramina
1163 1186 1343 1265 promptum

326 1285 471 1349 hauserat
494 1289 525 1350 et
547 1286 633 1349 uaria
655 1289 831 1351 concretum
854 1286 943 1350 sorde
964 1285 1084 1350 ferebat

326 1407 399 1453 oum
420 1390 560 1454 ossiculis
582 1390 677 1454 simul
699 1393 731 1454 st
752 1390 839 1454 testis
863 1408 934 1455 cum
955 1389 1065 1454 rudere
1087 1390 1198 1453 mixtis.

325 1492 397 1557 inde
418 1497 521 1558 metus
543 1493 704 1557 hominnm
726 1513 781 1577 per
803 1497 913 1558 mutua
934 1493 1030 1558 uerba
1051 1493 1212 1577 putabant,

244 1604 304 1659 610
327 1616 366 1661 ne
388 1597 518 1661 fortasse
541 1615 660 1661 sacram
684 1601 792 1661 sancta
814 1596 851 1660 de
874 1615 965 1660 carne
987 1597 1127 1664 fauillam

324 1699 456 1765 bestiola
477 1701 605 1765 occultis
628 1701 730 1782 aliqua
750 1701 918 1765 interclusa
939 1700 1079 1765 cauernis

325 1805 419 1868 altius
442 1808 597 1889 expueret,
620 1805 700 1869 sicut
722 1804 844 1870 deserta
864 1823 919 1886 per
941 1822 1031 1887 agros

326 1912 464 1974 monstra
486 1909 587 1975 solent
609 1912 723 1973 terram
744 1908 853 1972 rostris
874 1908 976 1972 fodere
997 1908 1081 1971 intus
1105 1907 1202 1971 acutis

326 2015 357 2076 et
378 2013 484 2078 foueas
506 2014 621 2077 circum
644 2013 783 2078 cumulos
806 2011 962 2076 effundere
984 2012 1100 2095 nigros,

243 2124 303 2179 615
327 2116 372 2181 sic
394 2120 426 2181 et
448 2118 487 2181 ab
509 2117 629 2182 interno
653 2117 751 2181 sancti
771 2115 882 2180 Felicis
904 2119 1019 2197 operto.

326 2238 386 2302 quo
408 2221 508 2304 magis
529 2221 588 2284 hoc
610 2221 723 2284 mirum
745 2220 836 2299 foret,
857 2219 1022 2282 interualla
1043 2218 1162 2282 diorum

323 2324 396 2389 fecit
417 2328 581 2408 congestae
603 2323 743 2388 miranda
765 2322 884 2405 emptio
907 2327 1015 2386 terrae.

324 2446 397 2512 ergo
420 2429 469 2493 die
489 2429 604 2511 placita
625 2428 732 2492 multis
754 2444 831 2509 opus
853 2426 929 2490 utile
950 2424 1043 2488 rebus

324 2532 477 2614 arripitur.
501 2535 628 2597 cunctos
649 2530 834 2595 transmittit
856 2529 1016 2611 episcopus
1039 2527 1078 2591 ad
1100 2545 1156 2593 nos

242 2644 303 2698 620
324 2636 528 2719 presbyteros.
552 2637 600 2699 his
622 2634 712 2699 fabra
733 2651 844 2698 manus
864 2632 1077 2716 ‘spectantibus
1099 2631 1198 2696 instat

324 2739 409 2804 iussa
430 2739 624 2805 sacerdotnm
646 2739 759 2812 lacera
783 2740 815 2801 et
834 2736 954 2819 primus
974 2735 1062 2800 labor
1082 2735 1144 2799 illis

325 2843 476 2909 cancellos
499 2861 656 2907 remouere
678 2842 745 2906 loco
767 2858 900 2923 curaque
923 2839 1065 2921 sequenti

323 2948 487 3012 haerentes
508 2945 630 3011 tabulas
653 2946 797 3010 resolutis
819 2945 927 3009 tollere
949 2943 1054 3008 clauis.

325 3070 434 3115 uemm
456 3049 510 3115 ubi
532 3050 709 3133 depressam
732 3048 789 3113 sub
812 3049 948 3132 tegmine
970 3046 1132 3110 marmoris
1154 3063 1256 3109 aream

242 3162 302 3217 625
325 3155 457 3219 uidimus
480 3155 604 3236 inrupta
626 3153 694 3217 solii
716 3169 852 3235 conpage
874 3153 1062 3228 manentem,

324 3262 400 3323 tunc
422 3276 531 3323 secura
552 3257 628 3321 fidos
651 3256 744 3321 dubio
767 3256 805 3320 de
826 3255 916 3320 corde
937 3255 1086 3338 periclum

325 3363 434 3427 erroris
457 3361 584 3446 pepulit,
607 3379 680 3424 oum
700 3362 785 3424 tactu
807 3360 954 3441 oculoque
974 3358 1127 3439 probaret,

322 3467 468 3532 incolumi
490 3466 565 3530 solio
587 3481 740 3545 nusquam
761 3465 894 3528 rimante
916 3461 1087 3544 sepulchro,

324 3571 458 3652 undique
481 3569 631 3633 uallatum
653 3568 754 3632 ualido
777 3566 948 3631 munimine
970 3583 1080 3647 corpus

241 3681 302 3738 030
324 3674 467 3756 martyris
491 3672 612 3737 emeriti
634 3672 727 3736 nullis
748 3671 884 3755 patuisse
907 3669 1013 3751 piaclis

264 3953 313 4006 599
331 3965 425 4004 manus
441 3950 469 4004 A
542 3950 592 4004 605
610 3946 702 4016 ecquid
719 3947 825 4015 scripsi,
842 3947 869 3999 et
886 3943 949 4012 quid
967 3945 1032 4014 AD,
1049 3960 1082 3997 ne
1100 3943 1163 4011 quid
1181 3944 1249 3998 corii.
1262 3943 1338 3997 Mar.

221 4040 271 4093 615
283 4037 380 4090 sanctis
388 4036 460 4103 AD‚·
471 4052 517 4089 sm.
531 4035 605 4090 Mur.
658 4035 707 4088 617
720 4031 855 4085 mirandae
867 4031 955 4100 ruptio
964 4031 1022 4084 AD
1067 4031 1117 4086 620
1128 4027 1339 4099 praesbiterosA

221 4127 269 4180 621
289 4122 429 4176 sacerdotis
447 4121 601 4177 ccciMur.
662 4121 690 4173 et
706 4120 772 4188 AD,
789 4120 829 4171 est
846 4119 920 4173 Mur.
984 4117 1201 4172 catharenum
1219 4114 1338 4169 tabulam

221 4213 287 4268 coci.
312 4211 485 4265 2006006000
569 4210 620 4264 628
645 4205 766 4261 incolomi
792 4206 821 4260 D
905 4218 1035 4270 nusquam
1057 4204 1121 4270 AD,
1148 4217 1291 4269 numquam
1315 4205 1339 4253 A
