2918 4664
483 298 666 355 Osrminum
684 297 710 352 S.
723 299 853 352 Paulini
872 298 989 352 Nolani
1006 299 1150 368 episcopi

484 484 516 532 ro
611 477 768 536 benedictio
783 494 826 536 me
842 479 997 536 consecrat.

559 562 688 622 cruuoiilxe
703 563 803 634 uictor,
819 563 945 638 expiator
959 563 1118 636 criminum,

611 651 641 707 in
656 651 744 708 morte
759 649 820 708 uita
834 652 1015 724 praepotens,

560 735 615 806 tac,
631 754 692 794 cum
709 754 839 810 supremo
853 740 1005 796 senocabor
1019 739 1154 811 tempore,

610 825 645 881 ab
660 825 759 883 obruto
774 823 857 882 malis
871 825 940 882 chao

484 917 516 965 75
560 911 689 968 traducat
704 909 760 968 ista
773 927 818 968 me
832 909 886 970 tibi
900 909 1067 980 benedictio,

612 996 685 1069 quod
700 995 769 1055 utile
784 995 899 1056 interim
913 998 987 1066 dato,

560 1099 615 1140 neu
631 1100 661 1141 se
675 1082 804 1156 inquieta
818 1083 922 1142 mentis
937 1082 1076 1142 excruciet
1090 1099 1176 1153 mora,

611 1167 736 1228 faetente
751 1168 849 1228 uincto
863 1186 981 1229 carcere.

680 1391 871 1443 OABMEN
893 1392 954 1442 111.

460 1517 562 1576 Sancte
577 1517 655 1587 deus,
671 1516 743 1575 lucis
758 1517 863 1586 lumen,
879 1516 1026 1576 concordia
1041 1533 1144 1587 rerum,

510 1603 618 1662 aeterni
633 1606 718 1662 uerbo
733 1603 861 1662 conditor
875 1603 995 1677 imperii,

460 1707 559 1764 expers
573 1689 705 1764 principii
720 1707 773 1748 nec
788 1689 840 1748 tini
854 1689 1001 1760 obnoxius,
1018 1707 1051 1747 er
1066 1705 1120 1762 quo

510 1778 601 1835 totum
616 1777 689 1849 quod
705 1794 782 1834 nuuc
797 1779 850 1846 est,
866 1778 939 1850 quod
954 1775 1010 1834 fuit
1024 1778 1053 1834 et
1067 1776 1139 1850 quod
1157 1776 1224 1844 erit;

401 1869 417 1918 5
461 1863 585 1936 corporis
600 1863 697 1937 ignote
712 1863 811 1935 oculis,
826 1863 874 1921 uix
888 1862 1001 1937 cognite
1016 1863 1115 1932 menti,

511 1966 563 2008 neo
578 1949 686 2024 linguis
700 1948 794 2008 facilis
810 1967 862 2008 nec
877 1949 1011 2024 capiendo
1026 1949 1139 2019 animis,

461 2035 623 2110 indulgens,
640 2039 766 2106 sanctus,
783 2035 887 2106 iustus,
903 2036 1025 2110 patiens,
1041 2035 1198 2107 miserator,

512 2122 624 2198 plenus,
640 2121 791 2196 perlectus,
806 2121 954 2192 maximus,
971 2121 1160 2196 omnipotens,

462 2209 539 2267 solus
554 2226 606 2267 nec
622 2209 698 2267 solus
712 2211 811 2283 terque
825 2225 901 2267 unus
916 2210 945 2267 et
959 2208 990 2266 in
1005 2208 1097 2267 tribus
1111 2226 1197 2278 unus,

387 2304 419 2350 10
513 2295 565 2354 hoc
581 2311 692 2369 semper-
703 2295 800 2366 maior,
815 2311 870 2369 quo
885 2293 939 2354 lide
954 2311 984 2354 es
999 2293 1123 2354 uberiorl

461 2381 565 2440 uiderit
579 2397 618 2439 en
631 2380 745 2440 ueniam
760 2383 863 2456 speret,
880 2380 905 2439 si
920 2379 1010 2440 dicere
1024 2381 1122 2440 leudes

512 2468 580 2527 hinc
593 2466 647 2527 tibi
661 2467 726 2542 quis
740 2468 861 2538 dubitat,
876 2469 948 2541 quod
963 2465 1056 2526 minor
1070 2484 1132 2526 esse
1147 2467 1236 2526 timet.

462 2553 572 2631 ignosci
587 2556 661 2613 certe
675 2555 775 2613 merito
788 2552 833 2612 fas
849 2554 960 2613 nouerit
973 2554 1021 2612 ille

513 2644 598 2715 atque
612 2658 679 2700 reus
694 2640 811 2700 stolidae
826 2640 1016 2714 simplicitatis
1030 2640 1093 2699 erit.

390 2737 421 2784 lo
465 2728 629 2786 innumeras
644 2726 692 2800 qui
707 2744 753 2786 res
768 2729 886 2800 temptet
901 2743 1049 2785 numerare
1063 2729 1208 2800 paretque,

514 2814 636 2872 uirtutes
651 2813 742 2887 possit
756 2830 954 2887 pernumerare
969 2816 1043 2872 tuas.

464 2902 493 2959 et
507 2901 580 2974 quod
595 2899 733 2958 sentimus
747 2900 812 2973 plus
827 2902 871 2958 est
885 2917 969 2973 quem
984 2899 1083 2974 lingua
1097 2899 1228 2974 loquatur

515 2981 544 3045 et
558 2987 631 3060 quod
647 2987 795 3058 sentimus,
811 3003 873 3045 cum
888 2985 1038 3060 loquimur,
1053 2985 1148 3044 minus
1163 2988 1215 3044 est.

464 3072 558 3130 omnia
572 3089 644 3146 quae
659 3074 762 3132 dudum
776 3071 864 3131 uariis
879 3072 1017 3131 elementa
1031 3071 1131 3147 liguris

389 3167 422 3215 20
516 3159 653 3218 credimus
669 3159 797 3218 audimus
811 3158 957 3233 tangimus
971 3158 1133 3233 aspicimus,

464 3246 524 3304 lata
537 3245 617 3317 mari,
632 3245 717 3305 torris
732 3244 840 3320 mnia,
856 3245 1035 3319 splendentia
1049 3244 1135 3315 caelo,

516 3337 579 3391 aere
594 3332 717 3404 mobilia,
732 3331 828 3390 tristia
842 3333 924 3390 nocte
939 3331 1031 3407 nigra,

464 3419 605 3477 frondosis
619 3419 729 3478 inserte
743 3416 828 3492 iugis,
843 3417 966 3478 sidentia
978 3416 1084 3491 planis,

516 3505 626 3565 consita
640 3504 756 3576 uinetis,
773 3505 902 3564 omuibus
917 3506 985 3578 apta
999 3504 1080 3576 setis,

389 3597 422 3647 25
465 3591 544 3650 inuia
559 3591 688 3663 desertis,
704 3592 834 3650 concreta
848 3590 952 3665 frigore
968 3590 1057 3665 pigro,

305 3797 338 3850 76
356 3794 426 3863 quod
443 3794 508 3848 utile
525 3793 631 3847 interim
650 3792 711 3847 dato
729 3793 756 3860 (t.
770 3811 790 3849 e.
804 3793 867 3848 dum
885 3792 951 3847 mihi
969 3792 1076 3846 interim
1094 3792 1171 3847 detur
1188 3792 1258 3861 quod
1276 3792 1376 3847 salubre

261 3882 312 3951 est)
329 3881 395 3949 cod,
413 3895 472 3934 caro
490 3881 543 3950 (uel
554 3880 642 3949 carne)
659 3880 765 3933 interim
783 3883 867 3934 terrae
884 3880 1148 3936 taraconensem
1199 3883 1231 3935 77
1250 3896 1302 3934 nen
1313 3880 1377 3947 cod,

262 3985 294 4022 ¹1⁰
303 3969 444 4111 Im-
456 4054 481 4108 S.
494 4053 598 4108 Paulini
616 4055 730 4124 episcopi
744 4053 841 4109 Nolani
859 4071 965 4108 carmen
977 4054 991 4108 Ι
1003 4055 1036 4108 ed
1051 4054 1137 4108 Deum
1154 4056 1215 4122 post
1232 4053 1377 4108 conuersio·

262 4157 324 4200 nem
340 4140 368 4196 et
383 4139 544 4210 baptismum
562 4158 639 4195 snum
656 4143 737 4198 iesca
750 4143 820 4212 sep.
833 4143 903 4208 Mai,
920 4144 1000 4197 tueor.
1014 4136 1104 4196 ontT
1165 4142 1197 4195 13
1214 4140 1259 4194 ille
1276 4141 1379 4210 scripsi,

261 4228 301 4282 illi
321 4229 347 4283 Τ
395 4230 426 4283 15
444 4231 568 4296 paretque
586 4230 654 4294 Mai,
672 4230 794 4297 patetque
814 4229 839 4282 Τ
