<?xml version="1.0" encoding="UTF-8"?>
<!DOCTYPE html PUBLIC "-//W3C//DTD XHTML 1.0 Transitional//EN"
    "http://www.w3.org/TR/xhtml1/DTD/xhtml1-transitional.dtd">
<html xmlns="http://www.w3.org/1999/xhtml" xml:lang="en" lang="en">
 <head>
  <title>
</title>
<meta http-equiv="Content-Type" content="text/html;charset=utf-8" />
  <meta name='ocr-system' content='tesseract 3.04.00' />
  <meta name='ocr-capabilities' content='ocr_page ocr_carea ocr_par ocr_line ocrx_word'/>
</head>
<body>
  <div class='ocr_page' id='page_1' title='image "./sanctipontiimer00paulgoog_0290.png"; bbox 0 0 2918 4664; ppageno 0'>
   <div class='ocr_carea' id='block_1_1' title="bbox 497 286 911 352">
    <p class='ocr_par' dir='ltr' id='par_1_1' title="bbox 497 286 911 352">
     <span class='ocr_line' id='line_1_1' title="bbox 497 286 911 352; baseline 0.002 -12"><span class='ocrx_word' id='word_1_1' title='bbox 497 302 621 341; x_wconf 81' lang='lat' dir='ltr'>norman</span> <span class='ocrx_word' id='word_1_2' title='bbox 639 286 753 352; x_wconf 83' lang='lat' dir='ltr'>XXIIII,</span> <span class='ocrx_word' id='word_1_3' title='bbox 766 289 911 345; x_wconf 79' lang='lat' dir='ltr'>oso-942.</span> 
     </span>
    </p>
   </div>
   <div class='ocr_carea' id='block_1_2' title="bbox 300 461 1166 3462">
    <p class='ocr_par' dir='ltr' id='par_1_2' title="bbox 300 461 1166 3462">
     <span class='ocr_line' id='line_1_2' title="bbox 453 461 865 546; baseline -0.005 -19"><span class='ocrx_word' id='word_1_4' title='bbox 453 462 492 527; x_wconf 88' lang='lat' dir='ltr'>ad</span> <span class='ocrx_word' id='word_1_5' title='bbox 512 462 594 546; x_wconf 89' lang='lat' dir='ltr'>regis</span> <span class='ocrx_word' id='word_1_6' title='bbox 617 480 788 527; x_wconf 77' lang='grc' dir='ltr'><strong>0000000ιο-</strong></span> <span class='ocrx_word' id='word_1_7' title='bbox 801 461 865 538; x_wconf 84' lang='lat' dir='ltr'>dei;</span> 
     </span>
     <span class='ocr_line' id='line_1_3' title="bbox 300 566 1025 632; baseline -0.001 0"><span class='ocrx_word' id='word_1_8' title='bbox 300 575 358 632; x_wconf 85' lang='grc'>910</span> <span class='ocrx_word' id='word_1_9' title='bbox 404 567 458 632; x_wconf 87' lang='lat' dir='ltr'>sed</span> <span class='ocrx_word' id='word_1_10' title='bbox 479 567 669 632; x_wconf 77' lang='lat' dir='ltr'>haesitantes</span> <span class='ocrx_word' id='word_1_11' title='bbox 692 567 724 630; x_wconf 92' lang='lat' dir='ltr'>in</span> <span class='ocrx_word' id='word_1_12' title='bbox 747 566 812 631; x_wconf 86' lang='lat' dir='ltr'>luto</span> <span class='ocrx_word' id='word_1_13' title='bbox 835 566 929 632; x_wconf 81' lang='lat' dir='ltr'>faeois</span> <span class='ocrx_word' id='word_1_14' title='bbox 952 585 1025 631; x_wconf 85' lang='lat' dir='ltr'>suae</span> 
     </span>
     <span class='ocr_line' id='line_1_4' title="bbox 454 671 906 755; baseline -0.004 -18"><span class='ocrx_word' id='word_1_15' title='bbox 454 690 607 755; x_wconf 86' lang='lat' dir='ltr'>opumque</span> <span class='ocrx_word' id='word_1_16' title='bbox 629 688 752 755; x_wconf 88' lang='lat' dir='ltr'>pressos</span> <span class='ocrx_word' id='word_1_17' title='bbox 774 671 906 736; x_wconf 89' lang='lat' dir='ltr'>molibus</span> 
     </span>
     <span class='ocr_line' id='line_1_5' title="bbox 404 775 994 858; baseline 0.002 -19"><span class='ocrx_word' id='word_1_18' title='bbox 404 775 571 840; x_wconf 88' lang='lat' dir='ltr'>meridiano</span> <span class='ocrx_word' id='word_1_19' title='bbox 593 775 733 840; x_wconf 85' lang='lat' dir='ltr'>iuuandio</span> <span class='ocrx_word' id='word_1_20' title='bbox 756 775 862 840; x_wconf 89' lang='lat' dir='ltr'>mnndi</span> <span class='ocrx_word' id='word_1_21' title='bbox 883 795 994 858; x_wconf 87' lang='lat' dir='ltr'>repens</span> 
     </span>
     <span class='ocr_line' id='line_1_6' title="bbox 454 880 851 964; baseline -0.003 -20"><span class='ocrx_word' id='word_1_22' title='bbox 454 880 542 945; x_wconf 89' lang='lat' dir='ltr'>ruina</span> <span class='ocrx_word' id='word_1_23' title='bbox 563 880 670 945; x_wconf 87' lang='lat' dir='ltr'>mortis</span> <span class='ocrx_word' id='word_1_24' title='bbox 692 880 851 964; x_wconf 86' lang='lat' dir='ltr'>opprimet.</span> 
     </span>
     <span class='ocr_line' id='line_1_7' title="bbox 405 983 1113 1068; baseline 0 -20"><span class='ocrx_word' id='word_1_25' title='bbox 405 1003 443 1048; x_wconf 89' lang='lat' dir='ltr'>ne</span> <span class='ocrx_word' id='word_1_26' title='bbox 465 1001 579 1066; x_wconf 84' lang='lat' dir='ltr'>quaeso</span> <span class='ocrx_word' id='word_1_27' title='bbox 602 984 742 1048; x_wconf 89' lang='lat' dir='ltr'>dominus</span> <span class='ocrx_word' id='word_1_28' title='bbox 765 984 874 1048; x_wconf 89' lang='lat' dir='ltr'>talium</span> <span class='ocrx_word' id='word_1_29' title='bbox 896 985 1013 1068; x_wconf 90' lang='lat' dir='ltr'>uirgam</span> <span class='ocrx_word' id='word_1_30' title='bbox 1038 983 1113 1049; x_wconf 85' lang='lat' dir='ltr'>deus</span> 
     </span>
     <span class='ocr_line' id='line_1_8' title="bbox 302 1087 912 1168; baseline 0.003 -18"><span class='ocrx_word' id='word_1_31' title='bbox 302 1095 361 1150; x_wconf 83' lang='grc'>990</span> <span class='ocrx_word' id='word_1_32' title='bbox 456 1087 600 1152; x_wconf 88' lang='lat' dir='ltr'>admittat</span> <span class='ocrx_word' id='word_1_33' title='bbox 622 1088 653 1151; x_wconf 95' lang='lat' dir='ltr'>in</span> <span class='ocrx_word' id='word_1_34' title='bbox 676 1090 790 1151; x_wconf 89' lang='lat' dir='ltr'>sortem</span> <span class='ocrx_word' id='word_1_35' title='bbox 813 1105 912 1168; x_wconf 88' lang='lat' dir='ltr'>suam,</span> 
     </span>
     <span class='ocr_line' id='line_1_9' title="bbox 405 1191 1166 1273; baseline 0.001 -18"><span class='ocrx_word' id='word_1_36' title='bbox 405 1209 503 1273; x_wconf 88' lang='lat' dir='ltr'>neque</span> <span class='ocrx_word' id='word_1_37' title='bbox 527 1209 582 1256; x_wconf 92' lang='lat' dir='ltr'>nos</span> <span class='ocrx_word' id='word_1_38' title='bbox 604 1191 636 1255; x_wconf 95' lang='lat' dir='ltr'>in</span> <span class='ocrx_word' id='word_1_39' title='bbox 658 1191 768 1255; x_wconf 89' lang='lat' dir='ltr'>horum</span> <span class='ocrx_word' id='word_1_40' title='bbox 791 1191 921 1256; x_wconf 88' lang='lat' dir='ltr'>diuitum</span> <span class='ocrx_word' id='word_1_41' title='bbox 944 1192 1062 1257; x_wconf 83' lang='lat' dir='ltr'>fruetus</span> <span class='ocrx_word' id='word_1_42' title='bbox 1085 1194 1166 1257; x_wconf 86' lang='lat' dir='ltr'>sinat</span> 
     </span>
     <span class='ocr_line' id='line_1_10' title="bbox 456 1295 867 1377; baseline 0 -17"><span class='ocrx_word' id='word_1_43' title='bbox 456 1314 567 1360; x_wconf 89' lang='lat' dir='ltr'>manus</span> <span class='ocrx_word' id='word_1_44' title='bbox 589 1295 710 1377; x_wconf 88' lang='lat' dir='ltr'>iniquas</span> <span class='ocrx_word' id='word_1_45' title='bbox 732 1296 867 1361; x_wconf 87' lang='lat' dir='ltr'>tendere.</span> 
     </span>
     <span class='ocr_line' id='line_1_11' title="bbox 407 1400 1045 1483; baseline 0.006 -21"><span class='ocrx_word' id='word_1_46' title='bbox 407 1418 460 1464; x_wconf 86' lang='lat' dir='ltr'>uos</span> <span class='ocrx_word' id='word_1_47' title='bbox 485 1417 566 1483; x_wconf 87' lang='lat' dir='ltr'>ergo,</span> <span class='ocrx_word' id='word_1_48' title='bbox 590 1417 704 1482; x_wconf 91' lang='lat' dir='ltr'>magna</span> <span class='ocrx_word' id='word_1_49' title='bbox 726 1417 798 1464; x_wconf 87' lang='lat' dir='ltr'>eura</span> <span class='ocrx_word' id='word_1_50' title='bbox 819 1400 951 1482; x_wconf 79' lang='lat' dir='ltr'>pectoris</span> <span class='ocrx_word' id='word_1_51' title='bbox 974 1401 1045 1482; x_wconf 87' lang='lat' dir='ltr'>mei,</span> 
     </span>
     <span class='ocr_line' id='line_1_12' title="bbox 457 1500 859 1588; baseline 0 -20"><span class='ocrx_word' id='word_1_52' title='bbox 457 1500 608 1588; x_wconf 81' lang='lat' dir='ltr'>paramini</span> <span class='ocrx_word' id='word_1_53' title='bbox 632 1503 752 1569; x_wconf 76' lang='lat' dir='ltr'>Christo</span> <span class='ocrx_word' id='word_1_54' title='bbox 774 1505 859 1568; x_wconf 87' lang='lat' dir='ltr'>leues</span> 
     </span>
     <span class='ocr_line' id='line_1_13' title="bbox 300 1608 1042 1692; baseline 0.003 -20"><span class='ocrx_word' id='word_1_55' title='bbox 300 1617 360 1672; x_wconf 82' lang='grc'>990</span> <span class='ocrx_word' id='word_1_56' title='bbox 407 1609 528 1690; x_wconf 86' lang='lat' dir='ltr'>iamque</span> <span class='ocrx_word' id='word_1_57' title='bbox 552 1608 683 1691; x_wconf 82' lang='lat' dir='ltr'>expediti</span> <span class='ocrx_word' id='word_1_58' title='bbox 706 1609 834 1673; x_wconf 75' lang='lat' dir='ltr'>sarcinis</span> <span class='ocrx_word' id='word_1_59' title='bbox 857 1608 1042 1692; x_wconf 77' lang='lat' dir='ltr'>angentibus</span> 
     </span>
     <span class='ocr_line' id='line_1_14' title="bbox 457 1712 839 1794; baseline 0 -18"><span class='ocrx_word' id='word_1_60' title='bbox 457 1713 556 1776; x_wconf 84' lang='lat' dir='ltr'>tanate</span> <span class='ocrx_word' id='word_1_61' title='bbox 579 1712 709 1776; x_wconf 89' lang='lat' dir='ltr'>ninenlis</span> <span class='ocrx_word' id='word_1_62' title='bbox 732 1712 839 1794; x_wconf 77' lang='grc' dir='ltr'><strong>0000ος</strong></span> 
     </span>
     <span class='ocr_line' id='line_1_15' title="bbox 408 1817 883 1900; baseline 0.006 -22"><span class='ocrx_word' id='word_1_63' title='bbox 408 1819 443 1881; x_wconf 90' lang='lat' dir='ltr'>ut</span> <span class='ocrx_word' id='word_1_64' title='bbox 463 1817 586 1900; x_wconf 88' lang='lat' dir='ltr'>eopiosa</span> <span class='ocrx_word' id='word_1_65' title='bbox 606 1817 674 1881; x_wconf 88' lang='lat' dir='ltr'>luee</span> <span class='ocrx_word' id='word_1_66' title='bbox 697 1817 883 1898; x_wconf 88' lang='lat' dir='ltr'>uestiamini,</span> 
     </span>
     <span class='ocr_line' id='line_1_16' title="bbox 459 1921 806 2002; baseline -0.003 -17"><span class='ocrx_word' id='word_1_67' title='bbox 459 1923 557 1985; x_wconf 89' lang='lat' dir='ltr'>estote</span> <span class='ocrx_word' id='word_1_68' title='bbox 579 1921 654 1985; x_wconf 90' lang='lat' dir='ltr'>nudi</span> <span class='ocrx_word' id='word_1_69' title='bbox 676 1921 806 2002; x_wconf 77' lang='lat' dir='ltr'>saeculo,</span> 
     </span>
     <span class='ocr_line' id='line_1_17' title="bbox 407 2025 1104 2109; baseline 0.001 -20"><span class='ocrx_word' id='word_1_70' title='bbox 407 2025 535 2089; x_wconf 89' lang='lat' dir='ltr'>ueniens</span> <span class='ocrx_word' id='word_1_71' title='bbox 558 2029 593 2088; x_wconf 91' lang='lat' dir='ltr'>ut</span> <span class='ocrx_word' id='word_1_72' title='bbox 613 2025 705 2089; x_wconf 93' lang='lat' dir='ltr'>huius</span> <span class='ocrx_word' id='word_1_73' title='bbox 728 2025 842 2091; x_wconf 90' lang='lat' dir='ltr'>saaouli</span> <span class='ocrx_word' id='word_1_74' title='bbox 863 2027 1005 2109; x_wconf 88' lang='lat' dir='ltr'>prinoops</span> <span class='ocrx_word' id='word_1_75' title='bbox 1028 2027 1104 2091; x_wconf 90' lang='lat' dir='ltr'>nihil</span> 
     </span>
     <span class='ocr_line' id='line_1_18' title="bbox 306 2129 885 2194; baseline 0.003 -2"><span class='ocrx_word' id='word_1_76' title='bbox 306 2139 366 2193; x_wconf 86' lang='grc'>990</span> <span class='ocrx_word' id='word_1_77' title='bbox 462 2130 598 2194; x_wconf 87' lang='lat' dir='ltr'>inueniat</span> <span class='ocrx_word' id='word_1_78' title='bbox 619 2131 650 2193; x_wconf 92' lang='lat' dir='ltr'>in</span> <span class='ocrx_word' id='word_1_79' title='bbox 672 2129 761 2194; x_wconf 89' lang='lat' dir='ltr'>uobis</span> <span class='ocrx_word' id='word_1_80' title='bbox 784 2148 885 2194; x_wconf 90' lang='lat' dir='ltr'>suum.</span> 
     </span>
     <span class='ocr_line' id='line_1_19' title="bbox 409 2234 1100 2316; baseline 0.003 -19"><span class='ocrx_word' id='word_1_81' title='bbox 409 2236 441 2298; x_wconf 89' lang='lat' dir='ltr'>et</span> <span class='ocrx_word' id='word_1_82' title='bbox 462 2251 518 2298; x_wconf 91' lang='lat' dir='ltr'>uos</span> <span class='ocrx_word' id='word_1_83' title='bbox 540 2235 738 2316; x_wconf 89' lang='lat' dir='ltr'>prementum</span> <span class='ocrx_word' id='word_1_84' title='bbox 760 2234 841 2298; x_wconf 87' lang='lat' dir='ltr'>mole</span> <span class='ocrx_word' id='word_1_85' title='bbox 862 2253 967 2298; x_wconf 87' lang='lat' dir='ltr'>rerum</span> <span class='ocrx_word' id='word_1_86' title='bbox 988 2234 1100 2300; x_wconf 89' lang='lat' dir='ltr'>liberos</span> 
     </span>
     <span class='ocr_line' id='line_1_20' title="bbox 461 2337 881 2421; baseline 0.005 -20"><span class='ocrx_word' id='word_1_87' title='bbox 461 2340 492 2402; x_wconf 90' lang='lat' dir='ltr'>et</span> <span class='ocrx_word' id='word_1_88' title='bbox 513 2337 583 2402; x_wconf 88' lang='lat' dir='ltr'>labe</span> <span class='ocrx_word' id='word_1_89' title='bbox 603 2353 697 2421; x_wconf 90' lang='lat' dir='ltr'>puros</span> <span class='ocrx_word' id='word_1_90' title='bbox 718 2338 881 2403; x_wconf 86' lang='lat' dir='ltr'>eriminum</span> 
     </span>
     <span class='ocr_line' id='line_1_21' title="bbox 310 2439 1079 2525; baseline 0.001 -20"><span class='ocrx_word' id='word_1_91' title='bbox 310 2465 312 2470; x_wconf 95' lang='lat'>·</span> <span class='ocrx_word' id='word_1_92' title='bbox 409 2441 499 2506; x_wconf 84' lang='lat' dir='ltr'>faoile</span> <span class='ocrx_word' id='word_1_93' title='bbox 521 2439 701 2506; x_wconf 80' lang='lat' dir='ltr'>adiuuantea</span> <span class='ocrx_word' id='word_1_94' title='bbox 723 2441 880 2525; x_wconf 85' lang='lat' dir='ltr'>perierant</span> <span class='ocrx_word' id='word_1_95' title='bbox 901 2443 987 2507; x_wconf 87' lang='lat' dir='ltr'>tenui</span> <span class='ocrx_word' id='word_1_96' title='bbox 1010 2443 1079 2508; x_wconf 91' lang='lat' dir='ltr'>sinu</span> 
     </span>
     <span class='ocr_line' id='line_1_22' title="bbox 461 2543 854 2629; baseline 0.005 -21"><span class='ocrx_word' id='word_1_97' title='bbox 461 2543 559 2609; x_wconf 90' lang='lat' dir='ltr'>nubes</span> <span class='ocrx_word' id='word_1_98' title='bbox 581 2545 701 2629; x_wconf 91' lang='lat' dir='ltr'>piomm</span> <span class='ocrx_word' id='word_1_99' title='bbox 723 2544 854 2626; x_wconf 82' lang='lat' dir='ltr'>baiulus,</span> 
     </span>
     <span class='ocr_line' id='line_1_23' title="bbox 308 2648 1050 2734; baseline 0.005 -23"><span class='ocrx_word' id='word_1_100' title='bbox 308 2657 367 2712; x_wconf 82' lang='lat'>935</span> <span class='ocrx_word' id='word_1_101' title='bbox 412 2649 577 2731; x_wconf 85' lang='lat' dir='ltr'>sponsique</span> <span class='ocrx_word' id='word_1_102' title='bbox 598 2649 681 2734; x_wconf 87' lang='lat' dir='ltr'>regis</span> <span class='ocrx_word' id='word_1_103' title='bbox 703 2648 827 2714; x_wconf 90' lang='lat' dir='ltr'>obuiam</span> <span class='ocrx_word' id='word_1_104' title='bbox 849 2654 953 2715; x_wconf 90' lang='lat' dir='ltr'>ueetos</span> <span class='ocrx_word' id='word_1_105' title='bbox 977 2650 1050 2715; x_wconf 89' lang='lat' dir='ltr'>deus</span> 
     </span>
     <span class='ocr_line' id='line_1_24' title="bbox 462 2752 854 2837; baseline 0.008 -21"><span class='ocrx_word' id='word_1_106' title='bbox 462 2752 581 2837; x_wconf 81' lang='lat' dir='ltr'>fulgore</span> <span class='ocrx_word' id='word_1_107' title='bbox 602 2753 768 2836; x_wconf 86' lang='lat' dir='ltr'>perfundat</span> <span class='ocrx_word' id='word_1_108' title='bbox 789 2772 854 2835; x_wconf 90' lang='lat' dir='ltr'>sno,</span> 
     </span>
     <span class='ocr_line' id='line_1_25' title="bbox 411 2857 1000 2943; baseline 0.005 -22"><span class='ocrx_word' id='word_1_109' title='bbox 411 2861 446 2922; x_wconf 92' lang='lat' dir='ltr'>ut</span> <span class='ocrx_word' id='word_1_110' title='bbox 467 2858 673 2940; x_wconf 85' lang='lat' dir='ltr'>sempiternae</span> <span class='ocrx_word' id='word_1_111' title='bbox 695 2857 779 2922; x_wconf 84' lang='lat' dir='ltr'>alara</span> <span class='ocrx_word' id='word_1_112' title='bbox 800 2859 881 2922; x_wconf 91' lang='lat' dir='ltr'>uitae</span> <span class='ocrx_word' id='word_1_113' title='bbox 903 2860 1000 2943; x_wconf 84' lang='lat' dir='ltr'>gloria</span> 
     </span>
     <span class='ocr_line' id='line_1_26' title="bbox 464 2963 908 3044; baseline 0.005 -19"><span class='ocrx_word' id='word_1_114' title='bbox 464 2963 591 3026; x_wconf 89' lang='lat' dir='ltr'>mortale</span> <span class='ocrx_word' id='word_1_115' title='bbox 613 2967 753 3027; x_wconf 86' lang='lat' dir='ltr'>uestrum</span> <span class='ocrx_word' id='word_1_116' title='bbox 775 2963 908 3044; x_wconf 88' lang='lat' dir='ltr'>sorbeat,</span> 
     </span>
     <span class='ocr_line' id='line_1_27' title="bbox 413 3066 1046 3152; baseline 0.003 -23"><span class='ocrx_word' id='word_1_117' title='bbox 413 3069 444 3130; x_wconf 90' lang='lat' dir='ltr'>et</span> <span class='ocrx_word' id='word_1_118' title='bbox 466 3066 505 3130; x_wconf 76' lang='lat' dir='ltr'>arl</span> <span class='ocrx_word' id='word_1_119' title='bbox 527 3085 693 3149; x_wconf 87' lang='lat' dir='ltr'>supernam</span> <span class='ocrx_word' id='word_1_120' title='bbox 715 3066 848 3131; x_wconf 89' lang='lat' dir='ltr'>restituti</span> <span class='ocrx_word' id='word_1_121' title='bbox 870 3068 1046 3152; x_wconf 84' lang='lat' dir='ltr'>imaginem,</span> 
     </span>
     <span class='ocr_line' id='line_1_28' title="bbox 310 3170 858 3251; baseline 0.005 -20"><span class='ocrx_word' id='word_1_122' title='bbox 310 3177 370 3236; x_wconf 81' lang='grc'>940</span> <span class='ocrx_word' id='word_1_123' title='bbox 465 3170 539 3235; x_wconf 87' lang='lat' dir='ltr'>erile</span> <span class='ocrx_word' id='word_1_124' title='bbox 561 3171 733 3235; x_wconf 87' lang='lat' dir='ltr'>eonformes</span> <span class='ocrx_word' id='word_1_125' title='bbox 756 3170 858 3251; x_wconf 88' lang='lat' dir='ltr'>deous,</span> 
     </span>
     <span class='ocr_line' id='line_1_29' title="bbox 413 3276 1026 3359; baseline 0.002 -21"><span class='ocrx_word' id='word_1_126' title='bbox 413 3292 525 3338; x_wconf 88' lang='lat' dir='ltr'>aeuum</span> <span class='ocrx_word' id='word_1_127' title='bbox 548 3293 682 3357; x_wconf 89' lang='lat' dir='ltr'>perenne</span> <span class='ocrx_word' id='word_1_128' title='bbox 704 3277 846 3359; x_wconf 88' lang='lat' dir='ltr'>perpetes</span> <span class='ocrx_word' id='word_1_129' title='bbox 869 3279 904 3338; x_wconf 91' lang='lat' dir='ltr'>ut</span> <span class='ocrx_word' id='word_1_130' title='bbox 925 3276 1026 3359; x_wconf 85' lang='lat' dir='ltr'>arigeli</span> 
     </span>
     <span class='ocr_line' id='line_1_30' title="bbox 465 3378 850 3462; baseline 0.003 -20"><span class='ocrx_word' id='word_1_131' title='bbox 465 3396 534 3442; x_wconf 91' lang='lat' dir='ltr'>eum</span> <span class='ocrx_word' id='word_1_132' title='bbox 558 3398 629 3462; x_wconf 89' lang='lat' dir='ltr'>rege</span> <span class='ocrx_word' id='word_1_133' title='bbox 650 3379 763 3443; x_wconf 89' lang='lat' dir='ltr'>niuatis</span> <span class='ocrx_word' id='word_1_134' title='bbox 786 3378 850 3443; x_wconf 88' lang='lat' dir='ltr'>deo.</span> 
     </span>
    </p>
   </div>
   <div class='ocr_carea' id='block_1_3' title="bbox 154 3705 1311 4291">
    <p class='ocr_par' dir='ltr' id='par_1_3' title="bbox 154 3705 1311 4291">
     <span class='ocr_line' id='line_1_31' title="bbox 198 3705 1279 3777; baseline -0.005 -11"><span class='ocrx_word' id='word_1_135' title='bbox 198 3705 254 3766; x_wconf 80' lang='lat'>915</span> <span class='ocrx_word' id='word_1_136' title='bbox 276 3705 368 3764; x_wconf 86' lang='lat' dir='ltr'>litoO</span> <span class='ocrx_word' id='word_1_137' title='bbox 448 3709 497 3762; x_wconf 83' lang='grc'>917</span> <span class='ocrx_word' id='word_1_138' title='bbox 520 3705 716 3777; x_wconf 78' lang='grc' dir='ltr'><strong>110100οΒ0,</strong></span> <span class='ocrx_word' id='word_1_139' title='bbox 736 3723 755 3760; x_wconf 83' lang='lat' dir='ltr'>a</span> <span class='ocrx_word' id='word_1_140' title='bbox 776 3705 959 3761; x_wconf 76' lang='lat' dir='ltr'>meridianae</span> <span class='ocrx_word' id='word_1_141' title='bbox 1045 3709 1095 3763; x_wconf 90' lang='grc'>918</span> <span class='ocrx_word' id='word_1_142' title='bbox 1117 3705 1230 3775; x_wconf 85' lang='lat' dir='ltr'>oprimet</span> <span class='ocrx_word' id='word_1_143' title='bbox 1252 3708 1279 3761; x_wconf 90' lang='grc' dir='ltr'><strong><em>Β</em></strong></span> 
     </span>
     <span class='ocr_line' id='line_1_32' title="bbox 154 3791 1277 3868; baseline 0.002 -20"><span class='ocrx_word' id='word_1_144' title='bbox 154 3796 208 3865; x_wconf 75' lang='grc'>990</span> <span class='ocrx_word' id='word_1_145' title='bbox 235 3792 395 3862; x_wconf 81' lang='lat' dir='ltr'>angentibus</span> <span class='ocrx_word' id='word_1_146' title='bbox 420 3795 526 3864; x_wconf 73' lang='lat' dir='ltr'>scripsi,</span> <span class='ocrx_word' id='word_1_147' title='bbox 549 3791 687 3861; x_wconf 83' lang='lat' dir='ltr'>agentibus</span> <span class='ocrx_word' id='word_1_148' title='bbox 713 3794 748 3860; x_wconf 89' lang='lat' dir='ltr'>B,</span> <span class='ocrx_word' id='word_1_149' title='bbox 776 3791 913 3861; x_wconf 78' lang='lat' dir='ltr'>egentibus</span> <span class='ocrx_word' id='word_1_150' title='bbox 940 3793 989 3861; x_wconf 88' lang='grc'>00,</span> <span class='ocrx_word' id='word_1_151' title='bbox 1012 3792 1166 3862; x_wconf 87' lang='lat' dir='ltr'>urgentibus</span> <span class='ocrx_word' id='word_1_152' title='bbox 1190 3793 1277 3868; x_wconf 79' lang='lat' dir='ltr'>Sebot.</span> 
     </span>
     <span class='ocr_line' id='line_1_33' title="bbox 155 3868 1278 3949; baseline -0.004 -11"><span class='ocrx_word' id='word_1_153' title='bbox 155 3868 209 3938; x_wconf 78' lang='lat' dir='ltr'>ons</span> <span class='ocrx_word' id='word_1_154' title='bbox 236 3879 333 3934; x_wconf 76' lang='grc'><strong>0000</strong></span> <span class='ocrx_word' id='word_1_155' title='bbox 362 3880 384 3937; x_wconf 92' lang='lat' dir='ltr'>o</span> <span class='ocrx_word' id='word_1_156' title='bbox 476 3883 526 3936; x_wconf 84' lang='lat' dir='ltr'>eae</span> <span class='ocrx_word' id='word_1_157' title='bbox 552 3880 625 3934; x_wconf 80' lang='lat' dir='ltr'>tenui</span> <span class='ocrx_word' id='word_1_158' title='bbox 652 3879 722 3948; x_wconf 78' lang='lat' dir='ltr'>sinu]</span> <span class='ocrx_word' id='word_1_159' title='bbox 748 3880 776 3934; x_wconf 81' lang='grc'>0</span> <span class='ocrx_word' id='word_1_160' title='bbox 803 3882 830 3936; x_wconf 77' lang='lat' dir='ltr'>a</span> <span class='ocrx_word' id='word_1_161' title='bbox 916 3882 966 3936; x_wconf 80' lang='grc'>005</span> <span class='ocrx_word' id='word_1_162' title='bbox 993 3880 1132 3949; x_wconf 73' lang='lat' dir='ltr'>sponsique</span> <span class='ocrx_word' id='word_1_163' title='bbox 1158 3880 1214 3948; x_wconf 83' lang='lat' dir='ltr'>regi</span> <span class='ocrx_word' id='word_1_164' title='bbox 1243 3880 1278 3948; x_wconf 83' lang='grc'>0,</span> 
     </span>
     <span class='ocr_line' id='line_1_34' title="bbox 157 3965 1279 4038; baseline -0.004 -16"><span class='ocrx_word' id='word_1_165' title='bbox 157 3968 307 4038; x_wconf 79' lang='lat' dir='ltr'>sponsoque</span> <span class='ocrx_word' id='word_1_166' title='bbox 336 3968 391 4037; x_wconf 88' lang='lat' dir='ltr'>regi</span> <span class='ocrx_word' id='word_1_167' title='bbox 420 3968 515 4038; x_wconf 66' lang='grc'><strong>(9000,</strong></span> <span class='ocrx_word' id='word_1_168' title='bbox 542 3982 686 4036; x_wconf 88' lang='lat' dir='ltr'>sponsoque</span> <span class='ocrx_word' id='word_1_169' title='bbox 713 3966 817 4035; x_wconf 82' lang='lat' dir='ltr'>reginae</span> <span class='ocrx_word' id='word_1_170' title='bbox 843 3984 859 4021; x_wconf 88' lang='grc'>0</span> <span class='ocrx_word' id='word_1_171' title='bbox 978 3969 1067 4021; x_wconf 88' lang='lat' dir='ltr'>ueotos</span> <span class='ocrx_word' id='word_1_172' title='bbox 1090 3966 1194 4021; x_wconf 84' lang='lat' dir='ltr'>obuiam</span> <span class='ocrx_word' id='word_1_173' title='bbox 1223 3965 1279 4034; x_wconf 90' lang='lat' dir='ltr'>regi</span> 
     </span>
     <span class='ocr_line' id='line_1_35' title="bbox 158 4052 1280 4126; baseline -0.001 -17"><span class='ocrx_word' id='word_1_174' title='bbox 158 4054 259 4126; x_wconf 74' lang='lat' dir='ltr'>Bonan,</span> <span class='ocrx_word' id='word_1_175' title='bbox 285 4052 390 4109; x_wconf 84' lang='lat' dir='ltr'>obuiam</span> <span class='ocrx_word' id='word_1_176' title='bbox 415 4057 504 4109; x_wconf 86' lang='lat' dir='ltr'>neotus</span> <span class='ocrx_word' id='word_1_177' title='bbox 530 4053 594 4107; x_wconf 83' lang='lat' dir='ltr'>deus</span> <span class='ocrx_word' id='word_1_178' title='bbox 618 4072 634 4109; x_wconf 87' lang='grc'>0</span> <span class='ocrx_word' id='word_1_179' title='bbox 718 4052 821 4121; x_wconf 82' lang='lat' dir='ltr'>fulgore</span> <span class='ocrx_word' id='word_1_180' title='bbox 848 4053 912 4107; x_wconf 87' lang='lat' dir='ltr'>deus</span> <span class='ocrx_word' id='word_1_181' title='bbox 937 4054 964 4108; x_wconf 92' lang='grc' dir='ltr'><strong><em>Β</em></strong></span> <span class='ocrx_word' id='word_1_182' title='bbox 1049 4055 1098 4110; x_wconf 85' lang='grc'>939</span> <span class='ocrx_word' id='word_1_183' title='bbox 1125 4052 1230 4107; x_wconf 85' lang='lat' dir='ltr'>restitui</span> <span class='ocrx_word' id='word_1_184' title='bbox 1253 4053 1280 4108; x_wconf 91' lang='lat' dir='ltr'><em>B</em></span> 
     </span>
     <span class='ocr_line' id='line_1_36' title="bbox 158 4137 1311 4213; baseline -0.01 -11"><span class='ocrx_word' id='word_1_185' title='bbox 158 4144 211 4208; x_wconf 75' lang='grc'>949</span> <span class='ocrx_word' id='word_1_186' title='bbox 232 4139 316 4201; x_wconf 75' lang='lat' dir='ltr'>neme</span> <span class='ocrx_word' id='word_1_187' title='bbox 333 4142 380 4196; x_wconf 90' lang='grc' dir='ltr'>Βο</span> <span class='ocrx_word' id='word_1_188' title='bbox 440 4140 588 4196; x_wconf 77' lang='lat' dir='ltr'>conformet</span> <span class='ocrx_word' id='word_1_189' title='bbox 604 4142 691 4198; x_wconf 77' lang='lat' dir='ltr'>Ruaeu</span> <span class='ocrx_word' id='word_1_190' title='bbox 748 4141 798 4196; x_wconf 82' lang='lat'>941</span> <span class='ocrx_word' id='word_1_191' title='bbox 816 4140 948 4209; x_wconf 86' lang='lat' dir='ltr'>perhenne</span> <span class='ocrx_word' id='word_1_192' title='bbox 964 4140 992 4195; x_wconf 89' lang='grc' dir='ltr'><strong><em>Β</em></strong></span> <span class='ocrx_word' id='word_1_193' title='bbox 1048 4138 1108 4193; x_wconf 88' lang='lat' dir='ltr'>finit</span> <span class='ocrx_word' id='word_1_194' title='bbox 1125 4138 1159 4192; x_wconf 87' lang='lat' dir='ltr'>ad</span> <span class='ocrx_word' id='word_1_195' title='bbox 1176 4137 1311 4213; x_wconf 52' lang='lat' dir='ltr'>eitheri-⁴</span> 
     </span>
     <span class='ocr_line' id='line_1_37' title="bbox 158 4229 252 4291; baseline -0.064 0"><span class='ocrx_word' id='word_1_196' title='bbox 158 4244 206 4291; x_wconf 75' lang='grc'>010</span> <span class='ocrx_word' id='word_1_197' title='bbox 223 4229 252 4285; x_wconf 87' lang='grc' dir='ltr'><strong><em>Β</em></strong></span> 
     </span>
    </p>
   </div>
   <div class='ocr_carea' id='block_1_4' title="bbox 0 0 1502 4664">
    <p class='ocr_par' dir='ltr' id='par_1_4' title="bbox 0 0 1502 4664">
     <span class='ocr_line' id='line_1_38' title="bbox 0 0 1502 4664; baseline 0 0"><span class='ocrx_word' id='word_1_198' title='bbox 0 0 1502 4664; x_wconf 95' lang='lat' dir='ltr'> </span> 
     </span>
    </p>
   </div>
  </div>
 </body>
</html>
