2918 4664
535 291 888 356 ammarum.
1236 275 1275 338 Π

253 469 286 531 in
309 472 453 550 promptu
476 467 568 530 uenia
589 469 647 547 est,
670 469 812 532 sanetum
834 470 922 550 patet
944 485 1013 532 oeae
1035 468 1204 548 laneorum,

253 572 335 653 quod
355 575 486 636 renouat
507 571 604 635 uitem
627 574 809 653 ueteresque
832 571 985 637 oblitteret
1008 575 1094 637 aetus

171 682 230 738 aab
254 675 395 758 quodque
418 693 514 740 nouos
536 675 678 740 hominos
701 675 803 746 faciat.
828 676 900 759 quid
922 677 1098 759 quaerimus
1120 677 1222 742 ultra?

254 782 411 844 ettamen
433 779 561 844 ulterior
583 779 674 844 uenia·
696 781 753 860 est,
776 779 939 845 uiolauerit
960 781 1043 844 ullus

253 883 312 948 hoo
335 902 455 966 quoque
476 884 594 966 polluto
615 883 777 966 prolapsus
800 901 925 967 corporo
948 885 1072 949 donum.

253 1005 443 1069 quamquam
465 987 528 1051 iam
550 987 664 1051 nimius
686 988 778 1071 longe
799 989 983 1070 processerit
1005 1007 1097 1070 error,

254 1090 375 1154 desinat
397 1094 428 1157 et
449 1093 564 1156 redeat.
588 1110 659 1155 oum
682 1110 715 1155 se
738 1093 931 1157 damnauerit
951 1092 1028 1175 ipso,

171 1203 232 1258 aab
254 1193 375 1259 absolui
398 1194 525 1264 meruit:
548 1195 575 1259 ei
596 1196 742 1277 paenitet,
765 1196 860 1260 inrita
882 1196 972 1279 eulpa
995 1200 1050 1261 ost.

254 1316 376 1379 ouere,
399 1298 481 1381 quod
503 1299 559 1380 ais,
580 1299 701 1381 pondus
724 1299 793 1364 lene
815 1297 957 1383 quodque
980 1301 1123 1366 cohaeret

254 1420 350 1466 suaue
371 1402 490 1485 iugum,
513 1403 625 1468 totiens
648 1402 767 1468 homini
789 1422 859 1468 oum
883 1404 1051 1486 ignoscitur
1073 1405 1141 1478 uni;

255 1508 286 1570 et
307 1509 413 1571 temen
436 1524 585 1586 erramus,
608 1506 678 1571 finis
700 1524 758 1571 nee
780 1507 917 1571 oriminis
941 1507 1022 1572 ullus

252 1609 389 1675 humano
410 1611 525 1694 generi.
564 1611 618 1675 sed
640 1611 750 1675 erescit
770 1610 838 1675 laus
861 1613 929 1687 tna3
951 1629 1107 1693 namquo

173 1710 231 1776 29'5
254 1714 353 1778 maior
375 1714 466 1799 eulpa
486 1715 542 1795 rei,
563 1715 717 1799 parcentis
740 1714 837 1798 gloria
858 1715 964 1779 maior.

253 1821 357 1900 grates
380 1836 452 1901 ergo
474 1817 532 1883 tibi
553 1819 667 1884 referat
689 1837 777 1882 mens
800 1818 901 1883 omnis
924 1821 955 1883 et
977 1819 1077 1883 omnis

253 1921 360 2004 liugua
381 1925 481 2002 unat,
505 1926 716 2005 quantumque
737 1925 840 2004 potest
862 1922 999 1987 humana
1019 1940 1165 2007 propago,

254 2025 280 2089 si
302 2026 455 2107 plaouieso
477 2027 596 2109 nequit,
619 2026 685 2090 fieri
706 2026 757 2091 uel
779 2030 869 2110 grata
889 2025 1018 2092 laboret.

253 2128 400 2210 panditor
422 2130 609 2211 inmensum,
632 2129 659 2194 si
682 2129 790 2195 domus
813 2131 892 2212 uela,
914 2130 1104 2214 profundum

173 2241 231 2296 300
253 2234 285 2297 in
307 2232 424 2315 laudes,
446 2236 533 2317 pater
555 2234 646 2314 alme,
669 2237 753 2310 tuas3
777 2233 831 2299 sed
853 2235 975 2300 eouseia
995 2235 1075 2300 tanti

254 2355 342 2401 meus
365 2337 465 2402 oneris
488 2337 623 2419 trepidat
644 2338 843 2422 propriasque
865 2338 948 2403 haud
970 2339 1068 2403 inscia
1090 2339 1170 2404 uires

255 2441 387 2506 oonsulit
410 2444 441 2506 et
462 2442 562 2526 dignis
585 2442 686 2524 potius
710 2442 839 2507 dioenda
859 2442 1016 2524 relinquit.

296 2544 461 2609 reddamur·
482 2547 614 2628 eoeptis:
638 2564 715 2628 opus
737 2546 795 2611 hoe
816 2545 884 2627 tibi,
908 2549 1012 2610 saneto
1035 2544 1199 2626 Iohannes,

255 2666 314 2730 quo
335 2666 465 2713 renones
487 2666 579 2732 puras
602 2648 709 2714 abluto
731 2667 855 2731 corporo
878 2652 1007 2715 mentes.

174 2760 232 2815 305
255 2769 317 2816 uon
338 2752 415 2817 haee
436 2753 537 2836 prima
559 2752 643 2818 dedit
664 2752 782 2817 domini
802 2752 965 2833 sententia,
988 2755 1101 2834 quate

255 2856 416 2921 admonuit
438 2856 553 2920 elatam
576 2856 704 2921 mittens
726 2875 781 2939 per
803 2856 910 2921 nubila
932 2874 1051 2937 uooem,

256 2961 377 3024 saecula
399 2961 499 3025 multa
519 2960 604 3045 prius
627 2960 726 3025 saneti
748 2960 823 3025 deus
846 2968 897 3025 oro
919 2961 1040 3027 loeutus

255 3062 354 3127 Isaiae
376 3064 467 3145 uatis,
490 3064 601 3128 ueteris
624 3065 677 3146 qui
698 3065 850 3129 maximus
874 3067 956 3131 aeui:

256 3167 388 3248 mittam,
412 3168 464 3248 ait,
487 3170 559 3232 ante
581 3170 650 3233 tuos
673 3168 787 3249 oeulos,
810 3186 828 3233 o
851 3171 934 3249 nato,
957 3169 1146 3246 ministrum,

174 3279 234 3334 310
257 3271 309 3353 qui
331 3275 527 3336 sentosarum
547 3290 684 3356 purgans
707 3275 848 3337 oonereta
869 3273 991 3337 uiarum

255 3373 413 3458 gressibus
434 3375 486 3439 ille
509 3376 570 3439 tuis
593 3377 690 3440 oelsos
714 3374 873 3439 subsidere
895 3379 1027 3456 montes,

256 3570 528 3652 neubon

197 3762 507 3832 284quodooequoq;N
516 3767 580 3819 na2
630 3762 776 3830 ueterisque
788 3763 821 3817 N
824 3761 834 3793 ¹
886 3764 935 3819 287
948 3760 1057 3816 domum
1068 3763 1102 3817 N
1104 3762 1114 3794 ¹
1166 3764 1217 3846 295
1230 3778 1275 3832 pa-

155 3850 236 3905 rentis
254 3851 288 3905 N
335 3852 386 3906 390
404 3850 487 3918 gratis
504 3851 537 3905 N
594 3851 644 3905 297
661 3849 826 3921 hamauaN
882 3851 933 3905 338
950 3848 1047 3916 nequid
1065 3849 1098 3904 N
1100 3848 1110 3880 ¹
1162 3848 1275 3952 299100-

156 3978 212 4017 mos
233 3962 278 4024 N¹
347 3962 406 4016 uela
427 3979 460 4017 ore
480 3960 510 4016 ul
531 3978 547 4015 a
568 3962 600 4016 N
615 3965 679 4016 m.2
747 3960 797 4017 300
815 3959 909 4015 oaudos
928 3960 971 4016 N¹
1039 3962 1089 4017 301
1107 3961 1275 4031 propriotque

156 4051 175 4118 (¹
188 4047 305 4118 on.2)N
353 4048 442 4104 autN
490 4050 541 4104 aba
552 4047 665 4115 reliquid
676 4049 709 4103 N
711 4047 721 4079 ¹
773 4049 824 4104 303
835 4046 956 4101 iohannis
965 4048 998 4103 N
1000 4047 1010 4079 ¹
1062 4048 1113 4103 304
1124 4047 1220 4118 mentio
1230 4049 1263 4103 N
1265 4048 1275 4080 ¹

156 4139 207 4194 300
224 4135 369 4190 ammonuit
386 4136 420 4191 N
476 4134 577 4189 olerum
595 4134 639 4190 N¹
699 4135 749 4190 308
771 4136 845 4189 uuas
872 4133 917 4191 N¹
976 4135 1027 4190 310
1045 4150 1160 4203 purgans
1177 4135 1275 4207 Iaoyd„

155 4239 251 4294 purum
268 4223 301 4278 N

206 4315 527 4363 xxrnnuuuorwnua.
1045 4311 1067 4367 a
