2918 4664
160 334 224 388 XVI
636 333 811 387 Praefatio.

161 511 266 573 iuncta
291 512 483 593 receperunt,
511 508 702 573 artificiosius
730 509 888 592 ingenium
915 510 947 572 in
973 506 1030 570 Bo
1056 508 1225 587 admireris,
1253 509 1279 570 si

161 614 286 696 quidem
314 615 367 696 qui
394 630 499 677 corum
527 613 664 676 ordinem
693 613 815 694 ornauit,
842 613 1007 677 Paulinum
1033 613 1170 681 Ausonio
1193 612 1280 693 qnasi

160 717 398 799 respondentem
424 717 562 791 inducat;
598 719 630 780 at
659 717 761 781 nescio
790 734 829 783 33
851 716 902 780 hic
923 717 1071 799 pristinus
1099 715 1279 797 antiquioris

160 821 256 886 fontis
279 820 351 886 ordo
366 821 460 885 fuerit
481 823 536 884 aut
554 820 683 903 pristino
702 821 832 902 propior.
865 838 938 885 nam
957 820 995 884 A.
1012 819 1055 887 24
1074 820 1186 884 saltem
1209 821 1279 882 ante

161 923 199 989 A.
216 922 258 986 23
279 924 365 989 etP.
384 923 433 1004 10,
456 924 491 987 P.
510 923 547 984 11
572 927 677 988 autem
699 928 770 988 ante
792 922 830 992 h.
846 922 888 988 25
911 925 1059 1007 scriptum
1081 942 1149 988 esse
1170 922 1280 1005 proba-

161 1027 222 1092 bile
242 1031 290 1093 est
305 1026 357 1111 (cf.
373 1028 483 1109 Peiper
498 1028 519 1092 l.
531 1046 556 1090 c.
571 1047 599 1109 p.
613 1025 676 1090 326
688 1027 778 1110 sqq).
810 1028 839 1092 13
863 1032 949 1093 tanta
967 1028 1145 1092 diuersitate
1165 1026 1279 1091 ordinis

160 1131 271 1196 harum
291 1131 479 1214 syllogarum
502 1134 533 1195 et
554 1150 624 1194 cnm
647 1131 679 1195 in
695 1129 873 1196 Ausoniana
896 1132 1028 1215 epistula
1042 1128 1084 1194 25
1101 1132 1182 1196 inter
1196 1129 1280 1193 VNn

161 1237 192 1298 et
217 1231 284 1316 OB,
312 1236 362 1316 qui
389 1236 504 1299 multos
527 1253 639 1299 narsus
667 1235 824 1315 onnttunt,
851 1236 883 1299 in
910 1236 1043 1301 aliisue
1070 1235 1129 1300 duo
1155 1233 1279 1324 quidem

161 1337 257 1402 uerba
283 1339 460 1403 communia
482 1338 655 1419 exhibeant,
682 1340 832 1404 maximas
855 1340 1079 1422 discrepantias·
1103 1340 1210 1404 adesse
1233 1337 1280 1400 31-

160 1442 298 1521 deamus,
318 1460 380 1506 non
400 1442 575 1507 mirandum
598 1446 655 1524 cst,
678 1443 759 1526 qnod
773 1443 883 1526 Poiper
906 1444 1060 1527 duplicem
1082 1443 1192 1507 horum
1215 1460 1279 1506 car-

160 1545 292 1626 minum,
318 1546 471 1628 imprimis
494 1548 643 1628 epistulae
665 1545 707 1609 25
728 1548 940 1612 recensionem
963 1547 1021 1612 sibi
1043 1545 1279 1630 deprehendisse

160 1650 246 1713 uisus
262 1653 327 1713 erat
342 1649 394 1732 (cf.
411 1650 431 1713 l.
448 1669 473 1714 c.
490 1670 520 1733 p.
536 1647 623 1734 328),
644 1669 736 1731 quam
751 1652 938 1715 sententiam
954 1650 1097 1731 Schenkl,
1112 1651 1165 1732 qui
1184 1650 1279 1732 scrip·

161 1756 262 1817 turam
285 1754 316 1817 in
339 1751 397 1815 OB
417 1754 535 1818 lacunis
556 1753 759 1819 deformatam
779 1773 815 1819 ac
834 1757 950 1819 temere
971 1754 1189 1838 interpolatam
1212 1772 1279 1817 3333

160 1858 282 1921 doceret
304 1856 468 1940 (3133331.
485 1878 514 1941 p.
531 1857 643 1941 Xon),
666 1861 753 1922 tanta
775 1859 923 1923 fehcitate
941 1859 1144 1943 iinpugnauit,
1172 1861 1205 1921 ut
1227 1857 1278 1920 ille

158 1980 248 2026 suam
268 1961 476 2027 coniecturam
491 1963 553 2026 iam
568 1962 729 2054 reliquisse
745 1963 899 2046 putandus
916 1963 956 2027 sit
971 1962 1023 2046 (cf.
1040 1963 1135 2046 praef.
1148 1961 1278 2043 XXXV)

159 2069 191 2131 et
217 2084 287 2129 cum
311 2064 492 2133 Schenhelio
518 2069 664 2148 31333333
691 2066 810 2130 codices
838 2086 874 2130 er
900 2066 1056 2131 communi
1077 2066 1163 2130 fonte
1185 2065 1277 2128 uariis

157 2169 218 2232 uiis
238 2168 434 2234 deflectentes
454 2168 577 2233 fluxisse
600 2169 776 2234 arbitretur.
807 2189 908 2252 neque
927 2171 993 2253 ipse
1014 2171 1046 2233 in
1065 2169 1115 2233 his
1137 2169 1279 2232 carmini·

157 2272 225 2338 bus·
238 2273 424 2338 recensionis
448 2274 628 2355 antiquioris
649 2278 733 2338 certa
752 2274 859 2351 adesse
878 2275 991 2338 indicia
1010 2274 1193 2358 putauerim.
1224 2272 1279 2336 sed

157 2380 274 2460 postea,
297 2379 315 2441 1.
334 2397 358 2441 3.
376 2371 411 2442 33
434 2380 581 2460 13333333
596 2396 654 2459 333
677 2378 814 2442 codicem
833 2378 954 2442 Pauhm
975 2378 1026 2441 uel
1047 2376 1177 2441 Ausonii
1199 2376 1278 2440 inte-

157 2499 248 2564 grum
260 2481 413 2563 quendam
424 2483 457 2544 in
469 2481 605 2564 syllegae
621 2499 713 2544 usum
729 2484 933 2564 excerperent,
948 2498 1056 2545 reuera
1072 2498 1141 2545 eam
1156 2482 1278 2564 experta

158 2603 225 2648 3333
251 2584 409 2659 uidentur3
447 2603 520 2648 narn
546 2585 624 2649 forte
651 2585 776 2648 fortuna
801 2583 868 2648 fieri
897 2583 1054 2666 nequibat,
1084 2586 1119 2647 ut
1147 2582 1277 2646 duarum

157 2688 345 2752 familiarum
368 2691 463 2752 testes
486 2688 639 2771 principes
654 2686 685 2751 V
698 2692 729 2753 et
748 2686 805 2750 OB
825 2694 856 2754 et
875 2689 928 2770 qui
951 2688 1086 2752 medium
1109 2688 1211 2751 locum
1234 2690 1278 2750 te-

157 2794 233 2856 nent
254 2790 348 2853 NHn
370 2793 402 2855 in
425 2794 511 2856 tanto
535 2809 685 2856 consensu
709 2795 869 2875 tantopere
892 2791 1097 2865 discederent3
1134 2794 1166 2854 ot
1187 2790 1277 2854 facile

157 2895 359 2960 concedemus
386 2896 537 2959 minorem
565 2895 660 2958 fuisse
686 2895 796 2960 talium
823 2896 1062 2980 compositorum
1088 2895 1276 2978 religionem,

157 2999 217 3080 qui,
250 3017 328 3081 quae
355 2998 415 3063 sibi
441 3000 541 3082 magis
569 3002 641 3082 apta
666 2998 826 3080 haberent,
857 3000 1015 3083 eligerent,
1047 3000 1176 3063 diuersis
1202 2999 1277 3063 locis

156 3104 314 3185 ponerent,
338 3102 398 3166 aha
420 3102 592 3166 diuiderent
613 3103 663 3167 uel
686 3103 870 3167 omitterent.
908 3103 953 3167 sic
974 3120 1047 3167 uero
1067 3103 1160 3168 etiam
1181 3100 1279 3165 uerba

157 3206 330 3271 carminum
363 3206 440 3289 ipsa,
475 3205 555 3288 quod
589 3206 719 3270 abarum
753 3207 942 3290 syllogarum
975 3206 1121 3288 3333333113
1155 3206 1276 3287 saepius

156 3308 280 3393 probari
306 3310 457 3390 uidemur,
488 3308 668 3374 arbitrariae
694 3309 866 3374 recensioni
893 3310 993 3393 magis
1020 3308 1149 3374 obnoxia
1179 3311 1276 3389 crant,

157 3431 249 3495 quam
272 3431 349 3494 quae
370 3433 426 3496 per
448 3411 687 3477 describentium
713 3432 824 3478 manus
848 3432 884 3477 er
906 3431 968 3477 uno
989 3411 1068 3477 libro
1091 3413 1123 3475 in
1146 3413 1276 3479 alterum

155 3520 325 3581 transeunt.
353 3535 452 3598 neqne
471 3517 609 3581 carmina
629 3517 744 3581 selecta
762 3516 800 3581 ab
818 3515 1045 3599 excerptoribus
1061 3517 1165 3581 omnia
1180 3535 1277 3598 aeque

155 3623 289 3685 tractata
310 3639 377 3685 3333
400 3639 524 3684 3333333
547 3623 602 3684 est.
640 3639 733 3702 quare
754 3620 925 3684 uerendum
948 3624 1010 3701 est,
1028 3640 1066 3685 ne
1087 3621 1120 3684 13
1143 3638 1277 3687 errorem

88 3807 89 3812 ἵ
154 3723 345 3804 inducamur,
373 3723 507 3805 siquod
534 3723 571 3786 de
598 3741 659 3786 uno
686 3725 736 3787 uel
758 3722 881 3787 Paulini
907 3725 957 3788 uel
985 3722 1116 3788 Ausonii
1142 3723 1276 3793 carmine

154 3831 191 3892 ut
205 3828 337 3892 maxime
351 3846 461 3892 uerum
476 3828 633 3911 cognitum
648 3827 749 3908 fuerit,
770 3827 863 3891 etiam
879 3828 916 3891 de
930 3828 1055 3910 33113313
1073 3828 1174 3892 ualere
1187 3845 1276 3911 prae-

156 3934 325 3995 sumamus.
371 3931 451 4013 qnod
479 3932 505 3995 si
531 3930 665 3996 Schenkl
692 3930 792 3994 codici·
813 3928 844 3993 V
862 3932 894 3995 in
919 3930 1051 3997 Ausonii
1077 3932 1208 4014 epistula
1234 3928 1276 3992 25

156 4053 312 4099 summam
330 4053 403 4118 prae
423 4036 529 4099 ceteris
549 4034 637 4099 libris
657 4035 871 4102 auctoritatem
886 4034 1065 4116 uindicauit,
1085 4035 1276 4099 1333333131-

154 4137 225 4219 bus,
247 4157 326 4221 quae
340 4138 463 4202 Paulini
482 4138 620 4203 collectio
639 4138 891 4221 suppeditauerit,
914 4156 1061 4223 maguam
1079 4140 1162 4203 1333
1181 4139 1276 4203 liceu-

153 4242 230 4304 11333
256 4242 395 4325 grassari
424 4241 575 4323 uidemus,
605 4240 736 4306 (1333Β
762 4246 793 4306 et
819 4239 846 4306 0
871 4243 1044 4328 religiosius
1074 4260 1110 4307 ea
1139 4244 1274 4308 seruant.
