2918 4664
579 311 754 366 Praefatio.
1138 304 1227 362 XXXI

102 490 124 554 i.
145 488 186 552 12
209 487 305 552 clarit
327 488 466 552 acacinm
487 486 586 551 nitac.

166 591 233 656 Len
257 591 339 655 mibi
365 591 440 655 infre
461 591 521 677 pio
540 589 724 677 preponito
747 589 802 674 (=
824 606 849 652 o.
869 585 917 668 18,
940 606 987 650 us.
1006 583 1141 664 1-166,
1163 581 1227 646 220

208 694 329 781 -468)
352 732 392 743 -

100 827 123 890 f.
144 824 202 888 16·
225 823 305 889 ictae
327 823 510 888 ctinebotnr
531 822 649 910 gemini
670 821 812 885 uictoria
834 819 912 883 noti.

166 928 260 993 Finit
281 929 345 994 III.
383 928 507 1015 Incipit
529 928 610 993 IIII.

167 1033 208 1096 In
229 1032 332 1097 nebai
353 1031 443 1096 nobis
465 1053 551 1095 noeto
573 1053 624 1095 reo
645 1031 701 1114 (τ’.
723 1029 779 1114 28)
802 1066 844 1076 -

99 1164 123 1229 f.
142 1162 186 1226 20
206 1185 270 1227 non
290 1161 466 1227 notabitur
488 1186 509 1226 o
530 1184 571 1226 oe.

167 1266 261 1330 Finit
284 1265 365 1332 liber
387 1267 469 1332 IIII.
506 1265 630 1352 Incipit
652 1265 684 1329 V.

167 1368 308 1436 Noaccrc
329 1370 412 1434 mibi
433 1392 554 1456 semper
576 1391 657 1454 quac
679 1366 772 1432 tardo
795 1367 852 1451 (=
874 1365 929 1451 27)
952 1403 992 1413 -—

73 1568 78 1581 ,
99 1499 182 1567 1227
206 1499 370 1566 habitator
390 1497 548 1563 orantibus
570 1498 668 1563 adaia.

166 1602 261 1668 Finit
281 1603 423 1679 Qoinan
446 1602 536 1668 liber.
573 1602 697 1688 Incipit
712 1601 827 1688 felicia
850 1599 954 1665 [siber.

166 1707 240 1771 Iam
259 1728 299 1772 ne
321 1705 392 1771 abia
414 1716 443 1771 ct
463 1727 520 1770 noa
542 1707 598 1789 (=
622 1705 676 1791 17)
699 1742 740 1753 -

100 1839 125 1903 f.
141 1837 202 1902 29·
222 1837 321 1902 initio
342 1859 428 1902 annae
452 1859 608 1902 coronam.
645 1836 738 1900 Finit
761 1857 852 1899 conen
873 1834 930 1898 deo
950 1832 1085 1921 gratioe.

102 1997 242 2060 carmina
262 1994 385 2059 Paulini
407 2012 426 2058 a
448 1994 566 2058 duobus
588 1993 721 2058 librariis
745 1993 859 2074 scripta
886 2010 954 2056 esse
978 1990 1138 2057 Chatelain
1162 1990 1228 2053 ani-

103 2098 281 2179 maduertit,
296 2098 318 2162 l.
336 2096 417 2161 1-t
439 2101 471 2164 et
492 2095 617 2160 17-20
636 2097 675 2162 ab
694 2115 755 2161 uuo
775 2096 903 2161 liberius
924 2098 954 2159 et
972 2095 1087 2179 largius
1107 2095 1228 2159 litteras

102 2202 259 2285 pingente,
282 2203 304 2267 f.
322 2199 448 2265 17—20
462 2201 500 2266 ab
517 2202 614 2267 altero
629 2201 780 2265 timidiore
795 2218 890 2264 manu
905 2219 960 2282 per
974 2199 1072 2263 lineas
1091 2200 1226 2280 repente.

103 2304 127 2370 f.
146 2303 251 2370 1-20
272 2306 360 2371 binas
376 2306 536 2371 columnas
551 2305 677 2386 habent,
699 2305 817 2387 reliqua
834 2304 981 2387 singulae.
1006 2304 1143 2368 oarnriua
1162 2302 1230 2385 ipsa

104 2412 141 2472 ut
161 2427 254 2492 prosa
275 2410 416 2477 uersibus
439 2428 499 2475 non
523 2409 677 2474 distinctis
699 2407 886 2472 scribuntur.
920 2408 940 2471 f.
958 2404 1086 2470 30-70
1107 2407 1228 2471 litteras

105 2513 295 2578 minusculas
326 2532 402 2596 quas
433 2514 538 2578 dicum
568 2512 769 2596 carolingicas
792 2531 816 2576 s.
834 2511 928 2575 VIIII
955 2529 1029 2594 prae
1056 2529 1089 2574 se
1116 2511 1227 2575 ferunt.

105 2615 185 2680 i30
206 2617 333 2701 originis
356 2617 504 2682 indicium
527 2619 639 2681 exstat:
661 2613 757 2679 Liber
778 2624 885 2677 sancte
907 2613 1010 2677 morie
1029 2612 1171 2698 uirginis
1192 2613 1229 2675 in

105 2718 286 2785 nuinburch.

148 2839 249 2907 dodon
272 2841 432 2906 Palatinus
463 2845 498 2910 ut·
528 2841 580 2905 alii
609 2841 711 2906 octaui
740 2841 856 2904 saeculi
882 2839 953 2904 libri
980 2840 1101 2906 mendis
1129 2840 1229 2904 omnis

105 2947 227 3027 generis
249 2945 361 3010 litteris
386 2945 513 3029 syllabis
536 2943 640 3008 uerbis
664 2944 786 3008 omissis
810 2944 921 3008 additis
944 2944 1141 3028 transpositis
1163 2962 1230 3008 cor-

106 3049 205 3130 ruptis
234 3049 371 3134 repletus
402 3052 460 3130 est,
494 3048 548 3113 sed
583 3052 689 3113 tamen
719 3048 917 3130 simplicitate
950 3048 1074 3113 errandi
1107 3048 1229 3130 saepius

105 3151 270 3233 pristinum
296 3152 463 3217 uerborum
489 3156 627 3217 tenorem
655 3169 716 3216 non
743 3155 809 3216 tam
836 3151 951 3217 deleuit
980 3170 1075 3233 quam
1101 3151 1228 3216 induxit.

105 3253 229 3320 laudem
252 3256 318 3321 eius
342 3259 501 3321 antaeum
525 3257 629 3322 codice
651 3256 863 3320 uetustissimo
887 3255 1148 3339 sangermanensi
1172 3251 1228 3343 (G)

107 3359 288 3442 cognatione
311 3360 417 3443 augeri
440 3361 620 3443 suspiceris;
648 3364 681 3424 at
707 3379 746 3423 ne
772 3360 816 3423 illi
844 3360 967 3442 quidem
995 3363 1081 3424 aetas
1102 3359 1230 3442 integri-

107 3464 204 3526 tatem
227 3463 374 3528 seruauit.
420 3464 557 3528 codicem
580 3464 830 3528 Zeohmeister
854 3467 884 3528 et
901 3463 1100 3529 Chatelain
1123 3481 1230 3527 exous·

107 3570 222 3646 serunt,
253 3584 384 3648 quorum
414 3568 591 3633 testimonia
619 3566 673 3635 ubi
704 3567 904 3648 dissidebant,
934 3587 988 3651 per
1017 3567 1229 3631 adulescentes

107 3669 222 3735 amicos
244 3670 362 3736 Rornae
385 3671 532 3755 degentes
554 3671 669 3735 librum
691 3671 916 3754 inspiciendum
939 3671 1054 3736 curaui.

149 3790 275 3855 Praeter
297 3792 354 3856 hos
376 3793 495 3856 codices
518 3792 551 3856 in
574 3810 701 3857 censum
723 3793 809 3857 uenit

148 3913 242 3977 codex
268 3912 493 3978 Ambrosianus
520 3915 546 3978 B
575 3912 637 3977 102
657 3933 723 3997 sup.
746 3914 877 3979 membr.
898 3915 919 3979 f.
937 3913 979 3976 to
1000 3933 1024 3978 s.
1045 3913 1148 3994 VIIII,
1177 3914 1230 3996 qui

108 4014 166 4081 duo
195 4016 333 4100 Duugali
362 4019 508 4098 opuscula
538 4018 683 4098 continet,
713 4019 797 4100 prius
828 4015 972 4082 r.1-60
999 4017 1230 4082 manus.le
1274 4021 1305 4081 Δ

108 4119 307 4203 inscriptum:
340 4118 488 4206 Dnnpoli
520 4141 672 4206 responso
704 4105 863 4185 adnotans
887 4141 1062 4206 perncoaaa
1091 4117 1229 4184 Claudii

107 4221 316 4285 Tanainenoio
337 4224 517 4306 sententiaa,
541 4225 622 4304 quod
645 4225 679 4288 P.
697 4226 874 4289 Massonius
889 4225 1014 4290 Parisiis
1032 4222 1114 4288 1608
1135 4225 1230 4288 edidit
