2918 4664
205 259 267 325 180
533 274 559 329 S.
572 273 704 352 Paulini
720 273 840 331 Nolani
858 273 1003 343 episcopi

307 488 456 554 congrum
479 470 523 534 sic
546 469 661 534 etenim
683 469 766 533 iuste
786 469 904 533 retione
927 469 1052 552 petebat

307 574 380 639 ordo
403 592 541 656 operum,
564 573 647 656 prior
670 575 753 636 esset
773 575 809 636 ut
829 572 878 636 his
900 572 1048 655 perfectio
1071 569 1197 653 coeptio,

310 697 387 762 quee
410 679 491 743 eires
514 681 636 742 sanetus
659 677 826 742 uenerendi
847 678 992 760 martyris
1007 677 1093 741 eules

308 782 415 848 sedule
437 783 607 866 multiiugo,
623 781 781 846 molimine
804 799 877 845 eure
898 779 1038 864 perebet,

116 974 120 980 .
225 896 286 951 665
309 905 440 968 eumque
462 904 591 951 menum
614 904 768 951 summam
791 885 882 950 sectis
905 885 1010 949 diuine
1032 884 1167 949 dedisset

308 992 417 1074 gretie,
440 994 515 1055 tuno
536 990 628 1073 pleno
650 989 746 1053 finitis
769 989 873 1054 ordine
896 990 976 1054 uotis

310 1095 434 1159 condita
455 1095 620 1176 perductos
642 1094 756 1158 rideret
776 1094 808 1156 in
832 1094 910 1157 etrie
931 1093 1042 1157 fontes.

309 1199 440 1280 denique
464 1202 499 1262 ut
520 1198 636 1280 inpleto
659 1196 747 1261 stetit
768 1197 819 1262 hie
840 1215 917 1281 opus
941 1214 1032 1260 omne
1053 1199 1173 1279 peretu,

310 1320 371 1367 non
394 1304 441 1366 est
463 1304 562 1365 treete
583 1301 635 1364 diu
658 1300 757 1366 nostri
779 1301 845 1365 sitis
869 1300 954 1364 eride
976 1300 1051 1379 uoti,

227 1415 288 1470 670
312 1424 443 1487 moxque
465 1406 589 1470 uolente
612 1405 668 1468 deo
690 1404 795 1487 populi
816 1403 902 1487 prius
925 1421 1035 1486 aspere
1057 1402 1148 1466 eorde

309 1528 496 1574 eonsensum
516 1509 639 1572 feeilem
661 1507 790 1592 procliui
811 1507 902 1572 eorde
924 1507 1083 1572 dederunt.

353 1615 454 1677 dicem
473 1613 568 1700 igitur
588 1611 678 1676 modo
698 1630 811 1675 munus
832 1629 940 1692 equee.
968 1610 1007 1674 de
1027 1628 1109 1674 nuno
1124 1609 1210 1689 mihi,
1233 1608 1328 1688 Felix,

311 1735 329 1781 e
351 1717 473 1781 domino
496 1733 624 1780 exerens
646 1714 741 1779 uerbo
764 1715 841 1779 mihi
862 1733 984 1778 currere
1006 1713 1137 1779 uerbum

311 1824 377 1885 tem
398 1821 483 1896 facili
505 1820 623 1901 eloquio
646 1837 740 1900 quem
761 1820 848 1903 lergo
869 1818 996 1883 flumine
1019 1819 1120 1883 sontes

229 1932 289 1989 675
312 1926 345 1988 in
367 1928 422 1989 tue
443 1923 598 1995 uestibulo
620 1926 712 2004 etque
734 1923 841 1987 domos
863 1941 990 1987 monere
1013 1922 1132 1986 dedisti.

311 2028 424 2108 omnia,
447 2045 526 2109 quee
548 2026 636 2091 nobis
659 2031 690 2091 te
713 2027 903 2111 suffragante
924 2026 1078 2110 benignus

312 2131 480 2196 contribuit
501 2131 653 2211 dominus,
677 2131 733 2195 teli
754 2130 910 2195 decorauit
933 2133 964 2194 et
985 2130 1069 2194 euxit

313 2254 450 2316 munere,
473 2253 533 2316 quo
555 2235 656 2299 fontes
680 2234 854 2299 sitientibus
876 2234 982 2299 intulit
1004 2234 1095 2298 ernis.

311 2341 365 2405 ille
386 2341 437 2422 pio
459 2357 565 2403 rursus
588 2342 676 2422 petre
698 2337 840 2403 Christus
863 2337 901 2403 eb
923 2338 1019 2402 ubere
1040 2336 1136 2418 fiuxit,

230 2452 291 2507 680
315 2444 458 2525 entiquee
480 2443 616 2507 referens
638 2442 754 2506 donum
775 2442 909 2526 pietatis,
931 2445 967 2506 ut
989 2459 1113 2506 omnem

313 2548 435 2611 insolito
458 2547 572 2610 siccem
594 2547 678 2628 prius
700 2546 851 2612 inroraret
871 2546 1020 2610 herenem

315 2654 347 2714 et
367 2653 483 2715 terrem
505 2651 572 2714 sine
595 2667 675 2731 eque
697 2649 805 2714 subitis
828 2667 954 2713 menere
975 2648 1099 2714 fluentis

316 2753 450 2818 efficeret
473 2757 656 2835 senotesque
679 2754 727 2816 sui
749 2752 859 2817 Felicis
880 2754 914 2817 in
936 2753 1022 2817 eules

314 2857 489 2940 hospitibus
511 2857 633 2940 populis
657 2857 779 2921 diuersa
799 2860 893 2940 gente
915 2857 1026 2920 coactis

233 2968 292 3023 685
315 2980 371 3043 per
392 2964 501 3042 puteos
525 2961 617 3024 simul
640 2963 732 3043 etque
754 2962 839 3025 locus
863 2961 1055 3042 conchasque
1077 2977 1203 3042 cepeces

258 3123 261 3131 .
315 3064 443 3148 largiter
465 3064 574 3127 infusis
597 3081 678 3127 noue
699 3082 820 3128 currere
838 3064 951 3145 vpocule
972 3063 1055 3128 riuis.

316 3168 384 3250 quis
407 3185 477 3230 mee
498 3174 540 3247 te,
562 3167 631 3230 fons
654 3186 785 3247 summe,
809 3168 895 3232 deret
917 3167 1040 3231 deserte
1061 3167 1161 3250 rigere

316 3271 554 3353 pumiceumque
577 3270 639 3333 mei
661 3270 759 3334 cordis
781 3289 980 3353 perrumpere
1002 3288 1110 3335 sexum

316 3375 409 3455 inque
432 3378 519 3456 petre
540 3373 670 3436 fundere
693 3374 818 3437 domum
842 3373 932 3437 etde
955 3378 986 3437 te
1008 3373 1113 3437 bibere
1135 3373 1260 3451 undem,

237 3486 296 3541 690
320 3496 397 3560 queo
419 3479 542 3560 pareret
563 3477 669 3540 uiuam
692 3477 768 3541 mihi
791 3477 870 3540 sicco
892 3478 923 3540 in
946 3481 1068 3559 pectore
1091 3494 1202 3540 nonem

319 3583 478 3645 aeternum
502 3581 640 3644 solientis
665 3584 782 3661 eques?
806 3581 858 3643 sed
884 3583 914 3643 et
935 3581 1010 3651 haec
1033 3579 1110 3643 mihi
1131 3581 1220 3662 gutte

319 3684 430 3765 eloquii
455 3684 568 3764 tenuis,
592 3701 651 3765 quo
673 3687 704 3747 te
726 3685 843 3766 loquer,
866 3684 936 3747 inde
958 3684 1093 3765 profecto

241 3919 309 3995 4669
327 3919 367 3970 est
384 3918 468 3970 treete
480 3917 544 3984 AD,
563 3915 763 3970 extinctaMer.
817 3917 864 3970 671
883 3915 976 3967 dedere
989 3916 1061 3969 Mur.
1116 3913 1336 3978 6800mneAD‚·

217 4046 264 4084 cm.
277 4031 351 4084 Mor.
404 4031 455 4086 684
473 3993 598 4082 ἀίηθέαΑ
651 4030 700 4083 686
718 4027 824 4096 procule
840 4027 884 4082 D¹
937 4029 985 4082 687
1003 4026 1051 4080 fon
1068 4028 1094 4080 A
1146 4040 1247 4079 summe
1265 4026 1335 4081 coci.

218 4118 399 4183 Ze'obmee'stcr,
418 4132 520 4169 summa
532 4116 589 4170 AD
640 4117 690 4171 689
708 4115 786 4183 inque
803 4116 908 4185 scripsi,
926 4120 953 4168 et
969 4131 1035 4184 quae
1048 4115 1084 4181 D,
1103 4121 1190 4182 etque
1202 4114 1237 4180 A,
1255 4127 1336 4180 exque

218 4205 290 4258 Mor.
345 4206 394 4258 690
412 4203 440 4270 in
458 4202 525 4256 sicco
542 4205 569 4257 Α
