2918 4664
544 317 670 356 carmen
688 302 758 366 XXI,
772 305 915 359 ast-416.
1229 288 1288 353 111

272 476 408 542 incoluit.
431 477 601 559 posthaec
623 478 780 561 geminato
803 479 939 561 tegmine
962 479 1059 543 creuit

273 585 391 646 structa
417 580 537 662 domus,
565 583 677 646 nostris
705 600 783 664 quae
811 601 892 647 nunc
920 587 1025 647 manet
1047 584 1168 666 hospita
1189 583 1290 660 cellis;

272 685 396 750 subdita
417 684 603 768 pauperibus
625 686 795 751 famulatur
816 688 950 769 porticus
976 688 1086 770 aegris,

271 806 349 870 quae
371 806 427 853 nos
450 788 591 872 inpositis
614 808 706 871 super
729 790 832 854 addita
854 794 937 855 tecta
959 790 1094 856 colentes

190 899 249 954 390
272 893 406 957 sustinet
427 893 568 976 hospitiis
590 894 778 977 inopumque
801 894 936 959 salubria
957 897 1095 976 praestat

270 998 450 1061 uulneribus
473 998 587 1062 nostris
610 998 764 1062 consortia
787 998 858 1062 sele
882 998 939 1062 sub
963 1017 1034 1080 una,

270 1101 431 1165 commoda
451 1105 644 1183 praestemus
667 1101 756 1165 nobis
780 1105 815 1166 ut
836 1103 936 1166 amica
958 1102 1104 1182 uicissim,

269 1204 473 1268 fundamenta
494 1201 539 1269 illi
563 1203 747 1270 confirment
768 1208 873 1270 nostra
894 1208 1065 1288 precantes,

269 1327 325 1373 nos
348 1308 486 1373 fraterna
507 1309 633 1392 inopum
656 1309 818 1374 innuamus
841 1326 968 1392 corpora
990 1313 1080 1375 tecto.

188 1419 247 1474 395
271 1431 343 1496 ergo
365 1411 420 1477 ubi
442 1413 489 1477 bis
513 1416 601 1479 terno
624 1414 751 1479 dicionis
774 1415 857 1479 fasce
879 1416 999 1479 leuatus

269 1517 397 1600 deposui
419 1518 505 1582 nulla
527 1519 716 1583 maculatam
738 1518 831 1582 caede
854 1520 995 1599 securim,

268 1625 297 1684 te
320 1625 485 1686 reuocante
508 1622 566 1687 soli
588 1623 744 1704 quondam
766 1623 909 1707 genitalis
933 1624 971 1687 ad
993 1640 1079 1689 oram

267 1727 417 1791 sollicitae
439 1727 532 1790 matri
555 1746 624 1791 sum
648 1727 795 1791 redditus.
819 1728 890 1791 imle
913 1728 1099 1811 propinquos

267 1832 353 1893 trans
375 1831 447 1915 iuga
469 1831 605 1914 Pyrenes
629 1830 690 1895 adii
713 1832 893 1914 peregrinus
916 1831 1059 1895 Hiberos.

184 1939 245 1996 400
268 1933 332 1997 illic
354 1953 403 1998 me
426 1934 572 1998 thalamis
595 1934 733 2009 hnmana
754 1936 822 2018 lege
844 1935 943 2018 iugari

266 2054 376 2120 passus
400 2056 443 2119 es,
466 2041 502 2102 ut
523 2039 620 2105 uitam
643 2048 885 2104 commercarere
907 2038 1039 2102 duorum

265 2158 380 2223 perque
400 2141 508 2226 iugum
531 2142 631 2207 carnis
655 2142 809 2225 duplicata
831 2143 914 2207 salus
937 2143 1111 2207 animarum

266 2244 392 2310 dilatam
415 2245 507 2310 unius
529 2249 636 2330 posset
656 2264 787 2330 pensare
809 2248 952 2313 salutem.

265 2367 302 2413 ex
322 2349 375 2415 illo
399 2349 543 2432 quamuis
566 2350 625 2414 alio
647 2349 724 2415 mihi
746 2351 871 2416 tramite
893 2352 959 2416 uita

180 2459 242 2516 405
265 2457 401 2518 curreret
423 2457 515 2537 atque
538 2454 598 2519 alio
621 2455 754 2519 colerem
776 2455 883 2536 procul
905 2454 1023 2520 absitus
1045 2455 1129 2536 orbe,

264 2574 326 2637 qua
346 2557 442 2621 maris
465 2557 581 2622 Oceani
602 2558 797 2623 circumsona
819 2558 958 2622 tunditur
979 2562 1067 2623 aestu

264 2658 378 2725 Gallia:
402 2663 505 2726 mente
528 2663 634 2725 tamen
656 2651 990 2742 numquam‘diuulsns
1012 2661 1050 2727 ab
1073 2663 1134 2728 ista

266 2763 337 2827 sede
360 2763 405 2828 fui
427 2781 609 2847 semperque
633 2765 703 2829 sinu
724 2765 836 2829 Felicis
857 2765 976 2829 inhaesi

260 2867 353 2949 inque
376 2868 476 2932 uicem
500 2869 584 2933 sensi
606 2867 741 2932 Felicem
765 2868 912 2933 adsistere
934 2870 1047 2933 nostris

176 2979 240 3034 410
262 2970 355 3036 rebus
377 2973 408 3035 in
432 2989 523 3036 omne
545 2972 663 3036 bouum
684 2991 740 3055 per
761 2976 873 3037 cuncta
895 2974 1038 3056 domique
1060 2974 1195 3057 lorisque

262 3075 458 3141 conficienda.
483 3076 560 3140 milri
582 3092 632 3140 res
656 3080 687 3141 et
709 3076 845 3142 defensio
870 3096 974 3141 rerum

261 3197 341 3243 unus
363 3183 429 3243 erat
451 3179 536 3243 Felix
558 3181 680 3263 placato
703 3182 828 3245 numine
851 3179 976 3262 Christi,

261 3301 383 3366 semper
405 3287 437 3347 et
460 3287 604 3347 auertens
628 3284 759 3348 aduersa
781 3288 811 3348 et
833 3303 980 3367 prospera
1000 3288 1171 3368 praestans.

301 3389 335 3451 tu
357 3386 443 3451 Felix
466 3406 588 3468 semper
610 3388 683 3452 felir
705 3388 792 3468 mihi,
815 3407 854 3452 ue
877 3390 1105 3470 miserfessem,

175 3498 238 3552 415
260 3493 408 3574 perpetua
429 3494 518 3572 pater
540 3494 572 3555 et
593 3495 695 3556 custos
718 3493 832 3575 pietate
855 3493 949 3556 fuisti.

260 3611 391 3676 cumque
414 3594 586 3659 laborarem
610 3597 751 3678 germani
773 3596 922 3680 sanguine
945 3597 1027 3660 oaesi

199 3887 250 3943 398
267 3885 376 3943 sollicite
394 3890 421 3943 A
488 3891 537 3944 401
558 3904 733 3942 commeruere
751 3890 780 3943 D
841 3890 892 3944 405
911 3881 990 3942 aliam
1009 3906 1191 3959 spaeram
1209 3893 1277 3947 cossi.

155 3973 254 4028 Petrus
267 3974 473 4031 senonense
524 3970 576 4031 406
593 3975 678 4028 ociani
691 3977 717 4030 A
770 3975 933 4029 circumsona
950 3976 1072 4030 tunditur
1084 3979 1121 4045 D,
1138 3985 1169 4032 ot
1181 3978 1279 4034 Petsnss

154 4060 360 4116 chscrctoos'os
385 4062 540 4130 coniecerat,
567 4061 743 4115 circumsonat
768 4062 876 4115 unditus
902 4063 928 4116 A
1017 4065 1067 4119 407
1094 4063 1176 4133 gallia
1197 4064 1277 4133 DA¹,

155 4144 233 4199 Galla
250 4143 371 4202 A'Mser.
424 4147 476 4204 408
493 4146 549 4201 side
566 4147 675 4201 fuissem
693 4163 789 4216 perque
807 4148 880 4201 siuns
897 4150 923 4203 A
993 4152 1042 4205 411
1065 4151 1119 4220 res]
1138 4166 1196 4220 spes
1213 4154 1277 4221 fort.

153 4234 205 4287 413
223 4248 315 4286 auersa
332 4235 406 4288 Mor.
459 4237 511 4290 416
528 4233 645 4288 laborem
662 4236 690 4290 A
