2918 4664
439 883 629 982 Punic
649 881 867 984 FA'PIO

649 1323 677 1397 I.

145 1517 266 1628 Corpus
296 1546 467 1610 carminum
496 1546 619 1610 Paulini
649 1547 673 1610 si
703 1547 822 1628 quando
852 1547 968 1611 exstitit
996 1546 1128 1629 antiquis
1155 1548 1217 1612 iam

100 1649 293 1732 temporibus
315 1651 347 1713 in
370 1650 429 1713 (luo
455 1650 611 1714 uolumina
634 1649 768 1713 diuisum
791 1653 847 1730 est,
875 1667 1003 1732 quorum
1029 1669 1126 1715 unum
1153 1669 1218 1715 car-

100 1754 189 1817 mina
211 1757 332 1817 tantum
355 1754 499 1817 natalicia
520 1754 550 1817 in
575 1752 603 1818 S.
620 1753 729 1818 Felicis
752 1754 932 1818 memoriam
958 1755 1126 1838 composita
1152 1772 1217 1819 am-

99 1859 225 1940 plexum
240 1858 304 1921 lere
319 1857 472 1922 intactum
492 1857 530 1921 ad
549 1861 655 1922 nostra
673 1860 812 1940 tempora
826 1859 975 1941 peruenit,
992 1859 1122 1923 alterurn
1137 1858 1217 1940 quod

101 1961 239 2025 carmina
262 1962 299 2025 ad
321 1960 495 2025 Ausonium
518 1961 655 2043 aliosque
677 1961 854 2026 continebat
875 1979 944 2026 mox
967 1961 1138 2045 dispersum
1160 1966 1215 2026 est.

99 2083 201 2146 neque
222 2065 304 2129 enirn
325 2065 405 2128 ullus
421 2064 514 2128 codex
530 2068 638 2144 exstat,
657 2065 710 2146 qui
729 2068 858 2147 utraque
877 2065 953 2129 haee
973 2065 1123 2147 exhibeat,
1142 2084 1218 2130 non-

100 2169 188 2232 nulla
208 2161 321 2250 paucis'
337 2169 388 2232 uel
411 2167 485 2233 adeo
508 2186 569 2233 uno
591 2167 669 2237 libro
691 2169 780 2233 hodie
803 2174 975 2234 seruantur.
1020 2172 1093 2234 sunt
1114 2173 1218 2234 autem

99 2272 239 2337 carmina
249 2271 339 2337 huius
352 2273 492 2338 editionis
507 2272 535 2354 1,
544 2270 676 2354 2,4-9,
687 2271 736 2354 10,
748 2273 797 2355 11,
808 2271 857 2354 1‘1,
866 2270 977 2355 1114,
986 2270 1036 2354 25,
1046 2271 1216 2355 113133.

99 2393 160 2458 quo
181 2394 217 2439 ex
236 2395 364 2441 numero
383 2378 518 2460 primum
537 2377 574 2441 de
593 2378 630 2443 iis
651 2395 788 2461 agamus
811 2395 890 2460 quae
908 2377 1079 2442 Ausoniani
1098 2379 1216 2443 codices

98 2483 289 2562 receperunt.
334 2499 405 2545 cum
432 2498 505 2545 uero
527 2481 657 2546 Ausonii
684 2481 815 2546 editores
837 2481 1042 2546 recentissimi
1064 2481 1216 2546 Carolus

98 2580 259 2648 Schenkl
281 2587 313 2649 et
334 2584 514 2649 liudolfus
537 2581 703 2669 Peiper*)
725 2586 781 2649 hos
804 2585 898 2650 libros
921 2585 1150 2650 accuratissime
1166 2586 1217 2648 de-

98 2686 286 2770 scripserint,
309 2706 364 2753 nos
387 2687 497 2753 breues
521 2702 589 2754 esse
611 2707 786 2772 possumus.

140 2791 226 2856 Inter
250 2810 301 2857 eos
323 2793 554 2858 uetustissimus
579 2797 609 2856 11
630 2794 768 2858 uirorum
791 2793 949 2857 doctorum
972 2793 1113 2877 opinione
1139 2793 1217 2875 opti-

97 2914 169 2960 mus
196 2899 243 2960 est
268 2897 361 2961 codex
387 2896 556 2960 Vossianus
586 2895 645 2958 111
674 2896 802 2960 membr.
819 2895 840 2960 f.
857 2893 909 2976 40,
933 2895 995 2960 bin.
1018 2897 1074 2960 col.
1097 2896 1218 2960 XXXII
1260 2897 1290 2962 V

96 3017 245 3064 uersuum
264 3000 415 3083 scriptura
434 2999 650 3083 langobardica
668 3000 793 3064 incunte
812 3000 934 3064 soeculo
949 2998 1043 3064 VIIII
1065 3003 1216 3080 exaratus,

97 3103 185 3167 cuius
213 3104 250 3167 de
277 3103 349 3169 fetis
370 3104 480 3188 Peiper
507 3100 701 3187 1111257
723 3121 788 3185 sqq.
805 3103 893 3168 docte
916 3101 1097 3185 disputauit3
1134 3103 1216 3166 uiros

97 3207 214 3288 doctos,
241 3208 294 3289 qui
321 3211 412 3272 antea
433 3207 567 3291 pretioso
588 3207 667 3271 libro
693 3207 742 3271 usi
764 3207 836 3288 sint,
860 3206 893 3271 0.
910 3204 1043 3272 Schenkl
1066 3207 1097 3271 in
1119 3207 1215 3292 prael.

96 3330 126 3392 p.
142 3311 264 3375 XXXH
284 3314 452 3380 enumerat.
477 3312 646 3394 scripturae
666 3311 834 3394 specimine
852 3310 1004 3394 imagines
1024 3313 1089 3375 arte
1109 3310 1217 3393 photo-

96 3415 244 3497 graphice
270 3414 437 3495 confectae,
466 3433 541 3496 quas
563 3414 836 3478 Monumentorum
858 3413 940 3478 Hist.
960 3412 1066 3495 Antiq.
1088 3416 1161 3478 torn.
1177 3413 1216 3494 V,

96 3515 213 3583 11112
240 3516 384 3600 Schenkl,
411 3518 642 3583 Teubnerianae
669 3518 792 3583 editioni
815 3517 925 3601 Peiper
952 3517 1107 3582 addendas
1130 3534 1217 3582 oure-

131 3723 154 3793 *)
172 3724 285 3778 Praeter·
297 3723 471 3794 praefationes
488 3724 582 3777 harum
601 3723 748 3777 editionum
766 3722 907 3791 singularis
923 3722 1027 3792 Peiperi
1044 3721 1157 3787 libellus,
1175 3724 1217 3777 cui

99 3811 158 3888 ,dte
179 3812 417 3881 bandscbrtftltobe
439 3802 639 3880 Uberlteferunq
661 3803 705 3865 1111
728 3811 880 3866 comior
905 3808 1006 3878 (Jahrb.
1019 3809 1038 3865 f.
1051 3809 1125 3866 class.
1138 3810 1215 3874 Phil,

97 3895 146 3951 XI.
157 3896 255 3966 Suppl,
274 3897 377 3966 Lipsiae
390 3900 464 3966 1880,
476 3913 501 3966 p.
516 3899 563 3952 191
577 3897 643 3965 sqq.)
656 3895 816 3961 inscribitur,
835 3896 1012 3965 inspiciendus
1030 3898 1076 3950 est.
1105 3896 1216 3950 Emilii

98 3981 298 4038 Chatelainii
315 3983 470 4053 opusculum
482 3984 578 4040 Noto'ce
593 4000 641 4039 1111
657 3985 693 4038 111
708 3984 868 4038 manuscrits
880 3984 925 4037 dee
934 3983 1036 4052 poe'cies
1053 3983 1084 4037 cle
1102 3984 1129 4038 S.
1143 3984 1216 4038 Pau»

98 4071 138 4124 lia
159 4070 192 4125 do
213 4070 284 4127 Nou
302 4069 379 4138 (Bihl.
393 4072 438 4124 dos
456 4070 538 4125 booles
556 4070 696 4140 francaises
719 4070 860 4124 d'hthbnes
883 4071 909 4123 et
930 4069 962 4122 de
980 4069 1070 4134 Rome,
1094 4072 1126 4124 14
1144 4069 1217 4134 iaso,

97 4154 171 4210 Puris
192 4157 268 4225 1880)
286 4156 320 4209 ed
337 4156 460 4210 natalicia
476 4156 644 4225 potissimum
662 4157 777 4210 carmina
794 4155 915 4224 pertinet.
