2918 4664
153 277 194 341 14
479 293 505 347 S.
517 266 647 346 Pauiini
665 291 783 346 Nolani
801 292 946 362 episeopi

252 469 477 552 praeseriptum
499 484 611 532 nomeu
633 467 772 531 reoolnut
793 467 830 531 de
853 467 948 550 stirpe
969 471 1142 549 parentum.

253 577 403 655 quantum
425 589 495 636 sera
515 570 591 634 fides
614 571 727 635 ualuit!
750 570 824 653 quia
845 571 952 636 dextra
972 571 1092 636 notauit

173 685 231 740 195
255 675 335 759 quod
357 693 446 739 mens
468 674 647 754 crediderat,
669 674 786 756 paueat-i
807 691 907 758 poena
928 674 1059 740 remissa
1081 679 1137 739 est.

254 780 416 845 soluuntur
437 779 560 842 uinetae
582 779 684 842 laxata
705 778 853 862 repagula
873 778 996 863 linguae

253 883 418 968 respondet
437 882 501 946 iam
523 898 598 947 uoee
621 899 712 947 senex
734 882 894 965 proditque
915 881 1094 966 propinquis

252 990 335 1053 tecta
356 987 407 1051 diu
430 976 576 1051 mandata
597 984 646 1051 dei
668 986 858 1069 spondetque
879 985 993 1067 futura,

253 1092 328 1156 dum
348 1092 506 1156 transaota
527 1089 646 1174 probat.
668 1090 764 1154 talem
786 1090 851 1155 fore
873 1089 942 1173 quis
964 1088 1129 1172 dubitaret,

172 1205 233 1259 200
255 1213 348 1278 quem
370 1194 485 1260 domini
505 1193 598 1258 iussis
620 1195 748 1259 naturae
770 1193 839 1277 iege
860 1193 990 1258 remissa

253 1299 376 1364 insolito
398 1301 503 1363 exortu
525 1297 611 1362 nasei
632 1297 769 1381 potuisse
791 1297 931 1363 uideret?

254 1403 429 1488 exemplum
449 1402 568 1467 eunetis
590 1401 808 1466 celebrandum
831 1400 1053 1467 ineredulitatis

251 1511 325 1572 ‘aute
347 1504 450 1572 oeulos
472 1506 591 1571 eunetis
613 1505 716 1588 posuit
738 1506 788 1571 uel
810 1522 909 1588 poena
929 1504 1065 1588 parentis

254 1611 304 1677 uel
319 1610 419 1692 uenia,
435 1613 527 1692 atque
543 1597 654 1674 animis
669 1609 766 1673 instat
781 1608 874 1674 simul
888 1608 960 1673 hino
975 1596 1088 1691 metusp
1103 1608 1175 1674 hino
1187 1629 1266 1694 spes.

173 1708 260 1777 205s
297 1714 412 1780 labitur
433 1713 551 1778 interea
573 1730 721 1777 ounarum
744 1716 881 1796 tempus3
904 1713 936 1776 in
958 1712 1033 1796 ipsis

254 1821 339 1883 extat
360 1817 454 1882 diuini
476 1817 592 1900 speeies
614 1812 779 1901 manifesta
800 1816 924 1899 uigoris.

253 1921 419 1986 blanditiae
440 1921 581 2003 risusque
604 1904 893 2004 silent'inoertaque
916 1922 1039 1985 cessant

244 2020 427 2101 ‘'murmma3
449 2025 577 2091 serietas
598 2025 708 2090 lasoiui
730 2026 855 2109 praeuia
876 2043 985 2090 sensus

253 2131 314 2195 iam
337 2133 444 2194 tenera
464 2130 610 2194 informet
631 2130 769 2194 uenturis
792 2129 928 2194 moribus
951 2147 1011 2194 ore⁴

173 2243 233 2297 210
255 2233 325 2297 inde
348 2233 400 2298 ubi
421 2233 522 2316 prima
542 2252 618 2316 puer
641 2231 745 2297 stabili
766 2233 900 2317 uestigia
921 2233 991 2297 nisu

253 2337 361 2401 fixerat
382 2340 551 2402 eteertam
574 2336 732 2419 signarent
752 2336 849 2401 uerba
869 2336 1035 2418 loquelam,
1113 2339 1115 2343 ’

253 2458 320 2505 mos
343 2443 408 2505 erat
431 2442 484 2504 aut
506 2439 605 2504 saneti
626 2440 708 2504 dieta
730 2441 903 2505 ausonitare
924 2440 1061 2523 parentis

254 2547 307 2608 eut
329 2543 526 2626 antiquorum
547 2543 704 2626 praeclara
727 2543 861 2609 edissere
883 2543 967 2607 faeta

252 2647 303 2712 uel
325 2665 401 2728 quas
423 2647 488 2730 ipse
511 2647 586 2711 deus
608 2647 692 2730 leges
715 2647 880 2730 interprete
902 2647 1008 2730 Moyse

173 2760 233 2815 215
256 2750 442 2831 eondiderat,
466 2752 543 2815 seori
566 2768 641 2833 quas
665 2754 768 2815 seruat
789 2751 902 2834 pagina
924 2750 998 2814 saxi.
1072 2778 1073 2781 ¹

254 2853 331 2918 haee
353 2858 482 2936 atquae
504 2857 644 2919 teneram
666 2853 825 2919 firmarent
846 2859 948 2919 oetera
969 2858 1106 2918 mentem

255 2957 409 3023 tractabat
429 2958 581 3033 reoolens;
605 2977 704 3041 neque
727 2959 808 3023 enim
832 2959 988 3042 ignorasse
1011 2959 1110 3041 priora

256 3061 434 3142 credendus,
457 3061 581 3126 dederat
602 3062 744 3138 dominus
767 3063 815 3126 oui
836 3079 928 3127 nosse
950 3061 1061 3125 futura.

256 3169 288 3230 et
309 3168 472 3248 postquam
493 3164 586 3229 robur
608 3164 755 3231 membris
777 3165 907 3229 aeoessit
928 3163 967 3229 ab
990 3183 1066 3229 aeuo

174 3278 234 3333 220
257 3268 344 3352 (nam
365 3287 453 3332 mens
474 3269 567 3350 plena
588 3267 644 3333 deo
662 3269 768 3349 tardos
789 3271 992 3352 praeuenerat
1013 3268 1133 3352 annos),

255 3373 309 3438 illa
331 3372 389 3437 sibi
410 3371 473 3436 iam
494 3375 561 3437 tum
585 3373 694 3437 statuit
716 3372 869 3453 discenda,
893 3371 1007 3439 dooere

257 3494 334 3560 quae
356 3479 515 3558 nequeunt
535 3476 687 3557 homines,
710 3476 803 3540 simul
825 3475 999 3559 effugienda
1020 3474 1157 3540 oiborum

150 3590 152 3594 ’
256 3583 288 3645 et
307 3583 399 3669 potus
421 3583 545 3644 sanotae
567 3578 709 3663 oontagia
731 3579 821 3644 noxia
842 3580 933 3655 uitae.

199 3850 247 3905 197
265 3842 465 3916 responditN1‘
530 3847 580 3901 202
598 3800 931 3915 0010οωοἒ(00.2)Ν
996 3848 1046 3902 207
1068 3845 1198 3900 blanditia
1219 3847 1269 3900 eris

153 3949 237 4003 usque
259 3934 304 3989 N¹
381 3932 546 4000 inoaertaque
569 3933 600 3988 N
603 3931 613 3963 ¹
683 3934 733 3989 208
756 3933 823 3986 seria
844 3937 899 3987 etas
922 3933 956 3988 N
1030 3934 1078 3988 211
1101 3931 1206 3986 Eirerat
1223 3933 1255 3987 N
1259 3933 1268 3964 ¹

156 4037 214 4075 aera
242 4019 360 4088 signarat
388 4019 420 4073 N
494 4020 544 4073 212
574 4016 719 4072 auscultate
748 4020 781 4074 N
783 4018 793 4050 ¹
874 4021 924 4075 213
952 4017 1068 4122 prpplare
1098 4017 1195 4072 discere
1224 4019 1257 4073 N
1259 4019 1268 4050 ¹

155 4135 206 4189 214
222 4131 303 4185 moise
319 4131 353 4187 N
401 4133 452 4186 216
469 4134 587 4185 tenerum
607 4131 639 4185 N
687 4133 736 4187 217
755 4131 872 4185 traotoba
889 4132 922 4186 N
970 4129 1119 4201 00000οΝι
1164 4133 1214 4185 219
1228 4146 1268 4182 ro-

154 4217 202 4273 bor
220 4218 263 4274 N¹
333 4220 382 4273 220
400 4235 505 4272 uersum
521 4219 664 4274 ermanno
681 4217 714 4272 N
730 4222 794 4273 oa2
