2918 4664
513 330 637 369 carmen
656 315 726 379 XXI,
740 318 884 371 661-721.

243 491 374 571 dubitur,
397 491 478 554 unde
502 491 594 555 etiam
616 489 718 553 fluniis
741 490 874 555 exundat
896 492 989 574 erige.

243 613 315 660 nam
338 595 406 677 quis
428 594 480 659 uel
501 595 619 659 mediae
641 598 683 674 te,
706 612 829 658 summa
850 596 988 678 petentia
1010 597 1125 660 summi

161 706 221 763 aab
244 698 365 765 Christe
387 699 493 781 patris,
516 699 575 763 lari
597 698 663 762 sine
686 701 717 762 te
739 701 852 779 queat?
873 699 939 781 ipse
962 702 1033 763 tuns
1057 703 1088 763 te

243 803 368 885 spiritus
391 802 521 885 inspirat
543 802 613 882 diei,
636 820 695 883 que
716 802 833 866 lumine
855 803 961 866 lumen

243 910 274 971 et
295 906 392 990 patris
415 908 446 970 et
467 906 532 970 nati
554 924 609 988 par
632 895 795 985 asininus,
818 908 854 970 ut
875 906 952 970 duee
974 908 1081 971 saneta

243 1010 419 1093 adspirante
441 1010 534 1074 deum
554 1011 708 1074 fateamur
730 1028 801 1074 aum
822 1013 910 1093 patre
932 1009 1099 1076 Christum.

243 1115 297 1179 sed
319 1115 399 1197 quia,
422 1114 497 1178 dum
518 1113 583 1178 uini
603 1114 698 1178 fonds
719 1131 792 1196 gere
814 1131 927 1178 nomen
949 1113 982 1177 iu
1004 1132 1066 1194 ere,

161 1228 221 1283 τοο
242 1221 331 1302 gutta
353 1236 458 1282 meum
480 1217 611 1281 stillauit
631 1217 663 1280 in
686 1235 719 1281 es
743 1217 779 1280 de
801 1216 928 1281 flumine
949 1217 1047 1299 uerbi,

243 1322 320 1387 terte
343 1320 477 1403 aliquem
499 1321 633 1385 referent
656 1305 695 1386 er
714 1320 786 1385 hine
808 1338 879 1385 mea
898 1320 986 1386 labra
1008 1338 1159 1404 saporem,

243 1429 274 1490 et
295 1444 376 1490 nune
398 1443 512 1489 munus
535 1442 632 1506 aquae
655 1443 716 1489 nen
739 1425 827 1489 sienis
849 1424 989 1489 lancibus
1012 1443 1102 1490 arens

241 1528 359 1613 lingna,
382 1528 436 1593 sed
457 1528 582 1593 uberius
604 1527 691 1592 uelut
713 1532 871 1594 umectata
892 1529 1044 1611 loquetur.

284 1631 427 1697 omnibus
449 1632 609 1695 instruatis
632 1649 758 1714 eperum
781 1650 860 1713 quae
882 1632 982 1697 multa
1003 1631 1158 1712 uidentur,

160 1745 219 1800 706
243 1736 379 1819 postulat
400 1736 459 1799 iste
481 1735 565 1799 loeus
589 1735 719 1800 deuotae
741 1752 854 1800 nomen
875 1735 1006 1800 Abellae

241 1840 345 1904 indere
367 1839 541 1914 uersiculis;
564 1857 637 1902 nam
661 1839 754 1922 digna
776 1839 898 1903 uidetur
919 1839 1034 1903 honere

240 1943 376 2008 neminis
399 1943 500 2023 huius,
524 1943 613 2006 utin
635 1943 759 2007 laudem
782 1942 892 2007 Felicis
915 1940 1036 2027 etipsa

240 2049 394 2128 laudetur,
417 2048 490 2129 quia
511 2066 566 2129 pre
589 2046 698 2111 Felicis
720 2046 835 2111 honore
857 2046 996 2111 laborem

241 2155 350 2236 sponte
373 2151 434 2216 sibi
456 2152 599 2233 sumpsit,
622 2169 682 2232 que
704 2150 854 2215 desudare
876 2150 935 2215 sub
958 2153 1046 2215 aestu

157 2267 218 2322 ⁷10
240 2255 366 2339 rupibus
389 2255 529 2338 abruptis
550 2255 689 2336 requiem
710 2256 904 2337 pretiumque
926 2255 1058 2337 putauit.

239 2378 335 2443 parua
357 2358 483 2441 quidem
504 2358 579 2422 haee
602 2359 709 2438 muris,
732 2359 786 2422 sed
809 2361 914 2423 saneto
937 2375 1051 2441 magna
1071 2358 1188 2424 feretur

239 2464 313 2528 urbs
340 2481 431 2547 opere
458 2462 524 2526 hee.
553 2465 676 2526 nestrae
703 2461 776 2527 hine
803 2481 855 2526 sex
882 2462 1008 2526 milibus
1035 2461 1137 2525 absita
1161 2460 1261 2526 Nolae

241 2568 384 2651 altiiugos
407 2569 527 2630 mentes
550 2566 741 2645 interiacet,
765 2585 800 2629 er
823 2565 935 2647 quibus
958 2568 1041 2629 ortas

240 2671 411 2736 domminus
434 2671 537 2735 haurit
559 2688 654 2751 aquas
678 2673 709 2734 et
730 2670 760 2733 in
784 2687 879 2733 unam
902 2669 1031 2753 suscipit
1052 2686 1167 2748 aream,

158 2785 218 2839 715
240 2774 321 2840 unde
342 2793 397 2857 per
419 2773 551 2838 insertos
574 2773 684 2839 deflues
707 2773 767 2837 sibi
789 2774 888 2855 prima
913 2771 1064 2837 fluentum

240 2879 378 2943 uindicat
400 2881 432 2942 et
453 2878 570 2960 relique
591 2876 745 2942 Nolanam
767 2876 893 2961 profluit
914 2877 1024 2941 urbem

240 2982 377 3063 flumine,
400 2983 500 3046 multa
520 2983 625 3066 rigans
649 2983 732 3046 etin
755 2982 838 3066 agris
859 2981 985 3063 praedia
1006 2982 1133 3064 passim.

241 3087 295 3151 sed
316 3086 440 3151 redeam
464 3086 502 3150 ad
524 3090 628 3169 grates
651 3086 749 3168 operis
773 3104 827 3168 pre
850 3103 977 3149 munere
1003 3084 1174 3158 habendas3

242 3209 375 3272 namque
398 3207 506 3272 operas
530 3191 568 3254 ad
591 3190 826 3271 aquaeductum,
849 3208 942 3271 quem
963 3190 1056 3273 longa
1078 3191 1218 3253 uetustas

158 3303 219 3358 720
241 3297 376 3376 ruperat,
400 3294 438 3356 ad
461 3311 518 3357 sua
540 3311 616 3358 nasa
637 3295 749 3357 iterum
772 3294 950 3375 formasque
972 3292 1145 3357 uoeandum

240 3398 383 3480 praebuit
405 3396 539 3461 ubertim
561 3398 657 3480 gratis
681 3397 791 3479 operis.
814 3398 899 3460 loeus
922 3397 993 3460 altis

183 3641 233 3694 693
245 3637 314 3706 oligo
326 3639 398 3705 AD,·
408 3655 455 3691 em.
467 3639 540 3692 Mar.
595 3639 644 3692 694
662 3637 763 3690 modice
776 3638 844 3692 enai.
857 3638 1039 3705 Zeebmetster,
1052 3636 1185 3691 modicum
1195 3640 1260 3707 fort.

141 3727 191 3781 696
208 3721 252 3792 §ps
274 3723 387 3793 inspirat
403 3725 440 3791 D,
462 3718 511 3792 xps
531 3723 644 3792 inspirat
661 3726 696 3792 A,
718 3724 830 3792 inspirat
851 3723 972 3779 Christus
990 3726 1065 3779 Maur.
1152 3726 1202 3781 698
1220 3741 1261 3779 as-

141 3811 303 3880 spirante-D
388 3810 485 3863 christe
509 3811 580 3877 AD,·
601 3827 646 3864 em.
665 3812 739 3865 Mar.
826 3813 874 3865 701
898 3809 1014 3864 reserant
1035 3812 1105 3878 AD‚·
1121 3827 1168 3866 am.
1185 3812 1260 3867 Mur.

141 3900 191 3954 703
206 3897 358 3951 humectata
369 3899 452 3966 Mar,
465 3899 569 3950 umecta
580 3898 637 3951 AD
687 3915 726 3953 aa.
740 3899 791 3953 704
803 3900 849 3966 qai
862 3899 959 3966 paullo
971 3903 1090 3952 ulutatus
1102 3900 1152 3953 650
1165 3897 1261 3966 lapitas

140 3984 445 4054 bissemdaleadaaest
491 3986 541 4038 706
554 3983 700 4051 dignamA
746 3986 796 4039 709
809 3983 880 4051 quod
891 3985 928 4050 D,
941 3983 1050 4052 quedA
1102 3986 1150 4040 711
1164 3997 1261 4051 magna

141 4071 224 4138 Mar,
241 4070 308 4124 mihi
325 4086 421 4139 magna
438 4070 495 4123 AD
545 4069 645 4123 feretur
662 4072 768 4139 scripsi,
785 4069 870 4123 fertur
888 4071 924 4138 D,
942 4070 1009 4123 feret
1020 4071 1055 4137 A,
1072 4069 1168 4124 feretro
1186 4070 1259 4125 Mar.

141 4157 192 4212 712
213 4171 305 4226 operae
322 4157 352 4211 D
413 4157 463 4209 hoe
484 4157 590 4225 scripsi,
612 4155 677 4209 haee
699 4156 757 4211 AD
819 4155 893 4223 hine]
916 4153 1261 4213 incantatorum

141 4243 192 4298 719
210 4257 301 4312 operas
318 4243 355 4311 D,
373 4242 458 4312 operia
475 4243 502 4297 Α
555 4245 602 4298 721
622 4244 711 4313 gratas
728 4256 819 4312 operas
838 4243 910 4300 Μαι.
