2918 4664
519 316 644 353 carmen
661 300 770 364 XXXII,
785 305 924 358 174-222.

267 472 316 536 hic
338 473 480 539 dominus
503 475 540 537 de
562 476 651 539 corde
675 476 732 556 dei,
756 477 805 540 hic
827 479 953 560 spiritus
975 480 1047 558 orie,

266 578 366 641 sancti
389 595 490 643 sermo
511 581 618 662 patris,
641 583 798 644 tantarum
821 580 937 646 fabrica
958 601 1071 647 rerum.

267 697 323 744 nec
346 700 378 745 se
401 700 540 766 paganus
562 684 676 764 laudet,
699 683 725 747 si
747 685 798 766 qui
819 685 901 749 idola
921 686 999 749 uitat

183 791 245 846 200
268 788 323 849 aut
344 786 419 850 satis
442 805 510 850 esse
532 790 622 870 putat
642 789 723 869 quod
746 790 870 862 numine
893 790 996 853 credat
1018 791 1049 853 in
1072 809 1140 855 nno.

266 889 318 970 qui
340 890 411 953 colit
433 890 485 954 ille
507 891 609 972 deum,
633 892 684 973 qui
706 892 835 956 uerbum
858 909 920 957 non
942 894 1015 958 colit
1036 895 1110 975 eius,

265 993 318 1072 qui
340 1011 401 1057 non
423 994 572 1058 uirtutem
595 995 689 1058 simili
712 999 876 1059 ueneratur
897 997 1033 1061 honore?

266 1097 379 1178 quique
401 1097 589 1162 inuisibilem
612 1099 960 1183 inconprensibilemque
983 1102 1097 1165 fatetur

265 1219 333 1264 esse
356 1201 457 1283 deum,
479 1203 529 1266 hic
552 1203 645 1266 etiam
668 1202 837 1284 Christum,
860 1205 886 1267 si
908 1205 1029 1287 cogitet,
1052 1206 1133 1269 idern

182 1309 244 1365 210
266 1304 413 1386 inueniet,
436 1307 580 1387 qnoniam
603 1307 734 1371 uerbum
757 1309 961 1389 conprendere
983 1328 1083 1390 nemo,

265 1426 355 1472 nemo
378 1410 482 1472 uidere
503 1414 615 1491 potest,
638 1428 729 1493 opera
752 1412 816 1474 eius
839 1412 904 1475 sola
925 1412 1078 1476 uidentur.

264 1512 295 1576 in
317 1516 405 1596 patre
427 1516 519 1577 natus
541 1514 633 1593 enirn,
656 1515 688 1576 in
711 1518 782 1578 nato
804 1518 891 1596 pater
914 1517 1016 1579 omnia
1038 1517 1112 1580 fecit

265 1619 297 1680 et
318 1618 462 1699 quicquid
484 1618 598 1681 uirtute
621 1618 704 1681 dedit
724 1619 839 1700 pietate
862 1621 974 1683 tuetur.

264 1721 308 1784 sic
329 1721 399 1802 fuit,
423 1726 470 1785 est
492 1725 524 1785 et
546 1722 605 1785 erit
626 1740 716 1785 uerus
740 1723 874 1786 saluator
896 1722 929 1786 in
952 1741 1073 1804 aeuum,

181 1833 241 1886 215
264 1825 316 1906 qui
338 1825 410 1889 tulit
432 1843 558 1903 errores,
582 1825 634 1906 qni
656 1825 729 1888 fecit
750 1843 824 1888 nera
846 1825 943 1889 uideri

263 1930 444 2011 placatoque
467 1929 548 2011 patri
570 1931 750 2010 pereuntem
773 1929 903 1993 reddidit
924 1929 1040 1994 orbem.

263 2051 319 2097 nec
341 2034 453 2096 mirum
476 2034 502 2096 si
524 2036 634 2096 cuncta
655 2034 735 2116 regit
756 2033 809 2114 qui
831 2037 943 2098 cuneta
963 2034 1088 2114 creauit,

263 2138 314 2219 qui
337 2137 421 2202 dedit
442 2156 478 2200 ex
500 2137 595 2201 nihilo
618 2140 719 2201 totum
740 2137 862 2219 lucique
885 2137 1028 2202 tenebras

261 2243 396 2325 reppulit
418 2245 509 2323 atque
532 2242 612 2305 diem
635 2241 725 2306 iussit
746 2243 908 2306 succedere
930 2243 1012 2307 nocti

179 2354 239 2407 220
262 2346 402 2427 quodque
425 2346 457 2409 in
479 2364 570 2410 carne
592 2346 653 2409 fuit
674 2346 775 2409 carnis
797 2349 922 2428 peccata
943 2346 1087 2419 remittit;

182 2438 184 2441 ’
264 2450 360 2514 cernit
381 2450 464 2514 enirn
485 2449 628 2533 fragilem
649 2449 754 2514 faciles
777 2450 932 2513 incurrere
954 2451 1059 2532 lapsus

261 2553 488 2636 corripiensque
510 2557 615 2617 tamen
637 2554 760 2616 ueniam
783 2553 868 2617 dabit
890 2553 1032 2618 omnibus
1056 2571 1160 2632 unam,
1203 2576 1205 2582 ·

260 2676 388 2739 remque
410 2675 522 2721 nouam
545 2657 644 2720 dicam
666 2675 723 2720 nec
745 2675 795 2720 me
819 2656 929 2720 dixisse
950 2656 1078 2740 pigebit,

259 2761 390 2842 plusque
412 2761 481 2843 pius
503 2778 597 2841 quarn
619 2760 721 2824 iustus
743 2761 810 2824 erit.
834 2760 860 2823 si
883 2760 1013 2841 denique
1035 2761 1134 2824 iustus
1203 2834 1204 2838 Ἰ
1321 2773 1323 2776 ‘

177 2872 238 2926 225
262 2884 329 2928 esse
352 2864 437 2944 uelit,
460 2865 563 2929 nullus
586 2864 685 2947 fugiet
707 2864 773 2928 sine
796 2864 925 2929 crimine
947 2882 1093 2946 poenam;

259 2969 359 3031 iustus
383 2969 464 3032 enim
487 2968 572 3032 mala
593 2969 786 3047 condemnat,
809 2968 878 3050 pius
901 2968 1005 3031 omnia
1026 2968 1129 3032 donat.

259 3072 316 3136 hoc
338 3071 423 3151 facit,
446 3077 481 3134 nt
501 3074 571 3135 rata
593 3072 655 3135 sint
676 3075 824 3135 uenturae
847 3088 976 3134 munera
998 3071 1081 3135 uitae

192 3181 195 3187 '
260 3179 291 3240 et
314 3175 393 3257 quod
416 3176 506 3258 culpa
528 3175 600 3239 tulit
620 3195 744 3240 rursum
765 3175 957 3257 indulgentia
978 3174 1100 3248 reddat3

258 3297 336 3361 quae
359 3280 385 3343 si
408 3298 469 3344 non
491 3280 584 3343 fuerit
597 3279 689 3363 plebi
711 3297 857 3343 concessa
878 3279 1007 3361 roganti,

198 3426 249 3479 202
268 3423 389 3477 dominus
400 3425 506 3494 scripsi,
525 3422 589 3476 deus
600 3424 664 3491 AD,
683 3424 746 3477 deus
765 3425 804 3477 est
821 3425 895 3478 Mur.
949 3421 981 3476 di
988 3424 1060 3477 Dio
1076 3440 1130 3478 ras.
1183 3423 1234 3477 204
1251 3423 1274 3474 si

156 3511 225 3564 uitat
237 3510 307 3564 idola
318 3511 387 3566 coci.
400 3511 474 3565 Mur.
527 3512 577 3566 205
596 3513 641 3564 aut
652 3511 757 3579 scripsi,
775 3512 803 3563 at
815 3511 850 3577 A,
866 3526 896 3563 ae
908 3509 937 3563 D
946 3511 1019 3564 Mser.
1072 3508 1180 3561 numine
1191 3509 1273 3576 Mur,

156 3597 262 3650 nomine
279 3597 337 3651 AD
389 3599 440 3653 206
458 3590 732 3665 0010000Βο00000,
754 3596 817 3663 quid
835 3597 892 3651 AD
943 3595 1012 3648 colet
1028 3597 1055 3649 A
1106 3594 1273 3649 2081000111-

155 3682 406 3750 prehensibilemque
425 3685 508 3749 Mar,
525 3681 831 3753 incomprehensibilique
848 3682 905 3737 AD
973 3684 1023 3737 209
1042 3679 1109 3734 dnm
1125 3680 1182 3735 AD
1251 3681 1273 3733 si

156 3770 227 3838 cogit
244 3771 270 3822 et
287 3769 357 3823 idern
375 3771 403 3824 D
463 3772 514 3824 210
531 3769 739 3838 conprehendere
757 3770 826 3836 AD,·
843 3787 890 3824 em.
906 3769 999 3824 chler
1053 3771 1102 3824 211
1121 3767 1227 3820 uidetur
1244 3767 1274 3821 D

155 3856 206 3910 212
222 3856 309 3958 00031]
327 3859 400 3924 patre
419 3858 448 3911 D
524 3859 574 3911 213
593 3855 714 3923 quidquit
731 3856 760 3910 D
836 3856 886 3909 214
905 3855 957 3908 luit
974 3857 1001 3907 et
1017 3854 1120 3907 steterit
1137 3869 1228 3906 uersus
1245 3855 1269 3907 A

155 3969 206 4023 216
223 3967 311 4021 reddit
322 3969 351 4023 D
403 3970 453 4024 218
469 3967 573 4035 lucique
585 3969 690 4037 scripsi,
707 3967 843 4034 lucemque
855 3968 919 4032 AD,
938 3968 982 4034 qui
994 3966 1051 4020 luce
1069 3967 1136 4022 coni.
1150 3967 1273 4020 Boreion

155 4056 361 4110 etZecbmeister
411 4053 526 4107 tenebris
538 4055 610 4108 Mac.
663 4057 713 4110 219
731 4053 855 4121 praetulit
868 4054 941 4108 Mur.
994 4055 1044 4108 223
1061 4053 1273 4122 sprmumlmbct

156 4141 239 4195 Ebert
290 4143 340 4196 225
359 4140 707 4209 fugiet(ugictteras.)1)
758 4155 866 4208 paenam
880 4140 909 4194 D
960 4142 1010 4194 228
1028 4139 1121 4192 reddat
1135 4140 1271 4194 Diores.

153 4229 205 4282 229
223 4226 304 4281 fuerit
321 4230 388 4282 coni.
400 4228 531 4294 Bursian,
550 4226 649 4280 fuerint
666 4227 722 4281 AD

204 4321 266 4362 XXX.
275 4320 359 4362 Paulini
371 4320 418 4362 Nol.
428 4320 527 4362 carmine.
1085 4315 1118 4362 22
