2918 4664
612 251 784 306 Praefatio.
1142 250 1260 306 mm
1375 304 1376 308 ,

139 423 281 488 carminis
309 422 348 487 21
375 443 484 489 uersus
506 422 634 487 21-36
659 427 742 490 recte
768 425 846 490 libro
869 424 958 509 XIII,
988 425 1042 490 sed
1074 423 1254 490 344-3116.

138 523 317 591 361-364.
330 524 500 592 628-635
518 527 597 593 libro
611 528 715 609 XIIH,
732 529 876 593 carminis
895 526 937 592 26
957 547 1065 593 uersus
1090 525 1258 593 rao-149

138 627 171 712 (i.
188 649 214 694 e.
234 631 327 696 natal.
345 629 435 715 VIII)
462 630 541 696 libro
569 630 662 698 VIIII
688 632 809 697 dantur.
848 635 954 697 contra
979 632 1156 716 fragmenta
1182 649 1264 715 quae,

137 731 228 798 lanius
244 733 387 799 editionis
410 734 545 799 carmine
568 733 609 798 29
632 735 933 818 comprehendimus,
956 755 992 800 ex
1010 736 1154 801 natalicio
1168 725 1260 800 hodie
1375 749 1377 752 ‘

138 835 305 919 deperdito,
336 838 416 920 qued
437 838 469 902 in
491 837 629 922 Dnngali
650 838 753 903 codice
777 836 858 902 libor
879 837 945 902 XV
959 838 1125 922 inscriptus
1147 838 1209 903 fuit
1230 841 1262 904 et

137 943 207 1021 post
233 941 378 1005 natadcia
405 945 561 1024 postrema
587 943 619 1006 in
648 939 677 1004 A
703 947 733 1007 et
759 941 793 1003 D
819 943 892 1008 solis
915 945 1038 1007 seruata
1060 940 1094 1025 (i.
1111 962 1137 1007 6.
1153 941 1216 1010 XII
1231 945 1262 1005 et

138 1043 228 1126 XIII)
251 1047 444 1126 postremum
465 1045 568 1109 locum
583 1045 783 1127 occupauisse
799 1046 930 1126 uidetur,
954 1048 1078 1128 sumpta
1093 1048 1176 1109 sunt
1200 1062 1261 1127 qua

138 1146 175 1209 de
203 1164 297 1211 causa
323 1165 467 1212 numeros
493 1148 562 1214 illos
589 1146 707 1212 XVIII
725 1169 760 1213 ex
782 1147 841 1230 XI,
863 1147 972 1212 XIIII
988 1168 1025 1213 ex
1046 1146 1151 1231 XIII,
1164 1144 1265 1211 VIIII

138 1268 174 1312 ex
195 1248 279 1312 VIII
296 1269 396 1316 errore
419 1255 578 1335 corruptos
601 1271 670 1317 esse
685 1251 874 1334 probabilius
891 1255 948 1317 est.
988 1271 1095 1319 uersus
1110 1251 1261 1337 epistulae

139 1350 190 1433 32,
205 1372 235 1436 p.
251 1351 324 1435 277,
340 1353 382 1417 26
404 1353 654 1439 dices-cuique
675 1354 766 1418 aolus
789 1359 821 1420 et
843 1355 987 1420 carminis
1009 1354 1062 1437 21,
1077 1351 1257 1420 orl-518.

138 1453 316 1520 542-557.
340 1455 519 1523 580-583.
541 1455 712 1523 oce-595
734 1477 806 1523 cum
827 1459 936 1540 prioris
959 1459 1071 1524 codicis
1093 1458 1186 1539 foliis,
1207 1458 1261 1540 qui

139 1559 228 1624 hodie
258 1578 280 1624 a.
306 1561 408 1625 uerbis
438 1560 594 1625 rationem
624 1561 806 1625 litterarum
838 1560 1086 1648 sipoa‘flcctioraee
1114 1559 1261 1647 proprie·

139 1672 278 1747 totosque
305 1663 360 1748 (=
381 1661 462 1729 Bibl.
483 1669 561 1749 patr.
582 1665 680 1750 Lugd.
700 1685 729 1748 p.
747 1664 859 1748 2041)
881 1666 996 1749 incipit,
1018 1665 1186 1748 perierunt
1223 1665 1261 1731 de
1370 1671 1372 1675 ’

140 1767 343 1848 epistularum
361 1770 543 1852 fragmentis
558 1771 589 1833 in
605 1768 795 1852 praefatione
817 1771 878 1833 nol.
895 1769 1049 1833 XXVIIII
1070 1787 1100 1851 p.
1116 1769 1179 1834 XII
1201 1768 1260 1852 egi.
1358 1796 1359 1800 ¹

180 1871 224 1935 Hi
249 1873 368 1937 codices
395 1877 427 1937 61
453 1873 633 1957 integriores
660 1876 692 1937 et
719 1873 869 1937 decurtati
891 1891 1080 1955 quamquam
1101 1873 1135 1937 in
1156 1870 1261 1936 uerbis

139 1975 269 2059 singulis
292 1978 342 2040 uel
364 1978 459 2042 etiam
479 1974 513 2041 in
534 1977 676 2042 uersibus
696 1977 770 2042 totis
789 1977 967 2042 omittendis
987 1976 1182 2042 addendisue
1195 1992 1262 2039 ma·

139 2079 236 2143 nimos
259 2080 481 2163 discrepantias
503 2099 577 2164 prae
593 2100 626 2145 se
641 2082 755 2161 ferunt,
778 2084 884 2145 tamen
900 2100 936 2146 ex
950 2099 1012 2146 uno
1028 2098 1136 2145 omnes
1155 2078 1262 2144 arche-

139 2186 210 2266 typo
233 2187 409 2265 manarunt,
439 2202 531 2267 quem
553 2184 592 2248 ab
614 2188 738 2249 anctore
766 2184 833 2267 ipso
855 2185 907 2249 uel
929 2183 968 2248 ab
991 2184 1120 2249 ecclesia
1140 2182 1262 2248 Nolana

139 2287 315 2351 confectum
345 2289 413 2351 csse
441 2287 601 2370 probabile
627 2291 685 2353 est.
724 2306 819 2369 quare
846 2308 918 2353 eum
939 2287 1096 2353 Natalicia
1122 2287 1261 2352 carmina
1311 2294 1313 2298 ’

138 2390 171 2453 in
193 2389 222 2454 S.
240 2390 351 2456 Felicis
374 2391 555 2460 memoriam
577 2392 748 2474 composita
769 2391 874 2456 omnia
896 2392 1091 2475 complexum
1109 2409 1181 2454 esse
1202 2409 1261 2473 pu·

140 2493 279 2558 tauerim.
317 2494 500 2578 archetypus
525 2495 578 2560 ille
600 2496 748 2559 maiorem
774 2496 925 2560 iacturam
951 2495 1033 2558 foliis
1061 2493 1183 2558 amireis
1209 2494 1261 2556 uel

139 2596 184 2662 ita
198 2597 402 2662 utdifficilius
422 2599 599 2681 legerentur
614 2599 798 2664 oblitteratis
813 2599 844 2663 in
864 2599 925 2662 fine
944 2601 1016 2679 post
1029 2596 1167 2680 Dungali
1181 2599 1273 2661 tem-¹

139 2718 215 2782 pora
237 2701 348 2767 fecisse
370 2702 502 2783 nidetm,
526 2703 578 2785 qui
600 2704 764 2787 integriore
787 2702 953 2785 exemplari
973 2719 1049 2765 usus
1073 2703 1130 2781 est,
1144 2700 1185 2764 -in
1199 2717 1261 2784 quo

140 2822 264 2870 carmen
287 2803 367 2890 (29),
391 2806 472 2895 qnod
492 2807 525 2871 iu
546 2807 735 2889 plenioribus
757 2805 844 2871 libris
863 2803 958 2867 ΑΒΕ
976 2805 1039 2869 lam
1062 2804 1261 2883 desideratur,

141 2909 304 2973 etiamtum
322 2909 483 2974 inuenerit.
521 2929 621 2993 neque
643 2910 720 2979 haee
742 2910 896 2980 sententia
910 2898 953 2973 veo
974 2907 1158 2988 infirmatur,
1180 2906 1262 2988 quod

140 3012 238 3077 nostri
248 3012 367 3078 codices
378 3015 516 3078 carmina
531 3015 656 3079 alterius
672 3013 804 3098 generis,
820 3031 899 3095 quae
915 3012 954 3076 ad
965 3012 1100 3077 Felicem
1115 3028 1177 3075 non
1192 3028 1262 3091 per-

140 3115 251 3196 tinent,
272 3113 583 3182 utAetDcarmen
599 3116 650 3199 32,
672 3116 757 3182 1331
775 3120 806 3181 et
830 3115 881 3197 17,
902 3111 1024 3181 cetra
1047 3112 1098 3194 17,
1119 3112 1150 3176 Τ
1165 3112 1206 3178 31
1230 3115 1262 3177 et
1286 3187 1288 3190 y

142 3219 202 3285 duo
232 3220 431 3303 suppositicia
459 3220 590 3297 addunt3
611 3223 652 3285 'in
681 3221 742 3285 dne
772 3221 855 3285 enim
877 3237 914 3285 ea
936 3219 1114 3283 adiecerunt
1136 3216 1260 3283 aliunde

141 3323 250 3405 petita.
280 3324 440 3388 continent
461 3326 566 3389 autem
587 3327 622 3388 ut
643 3325 791 3388 uidimus:

147 3477 175 3533 A

146 3497 428 3698 D>l2.13.14.15.16.
436 3565 663 3621 1823262128.
671 3565 805 3620 letoni.
1027 3563 1069 3617 32.

152 3735 570 3805 666666666

152 3818 1043 3901 Δ6666.666666.666666

147 3909 617 3966 6666666666.
1080 3907 1122 3968 m
1220 3896 1261 3962 6

153 3996 478 4052 1666666
531 3997 666 4051 mmm
974 3989 1222 4061 166661

142 4082 196 4235 ’ᾖ
343 4124 476 4182 666
578 4125 667 4181 mm
1221 4123 1260 4176 ra

192 4262 252 4304 XXX.
266 4261 350 4303 Panliui
363 4261 410 4304 1161.
420 4260 519 4303 camilia.
1094 4268 1109 4303 e

1022 3662 1073 3701 om.
