2918 4664
700 308 876 365 Praefatio.

426 501 524 564 quam
546 481 597 543 toi
619 481 742 545 dodum
759 482 880 570 populi
894 482 1045 570 fatiqant

529 595 616 649 nocte
638 585 750 670 dieque

429 698 456 752 te
478 700 680 775 reposcentes,
703 699 740 754 ot
762 713 837 777 ager
860 691 1009 755 lentandis

427 816 498 857 eom
520 794 600 858 eatis
622 793 754 861 imbrem
775 795 846 860 sitio
868 801 926 863 etc.

222 951 278 1015 hos
302 955 446 1034 quattuor
468 951 656 1037 Vpreebet:

423 1129 530 1193 perye,
551 1106 679 1191 Niceten,
704 1106 776 1172 bene
799 1130 863 1193 qua
885 1129 1065 1173 recursus

427 1232 599 1297 prosperoe
621 1211 749 1276 Christo
773 1212 940 1278 comitante
962 1213 1083 1298 ducit,

427 1313 543 1378 donec
565 1324 693 1401 optato
712 1316 886 1401 patriam
907 1317 1069 1382 notarie

531 1418 628 1483 lotoe
651 1419 698 1482 ad
720 1417 855 1485 orbem.

223 1573 331 1638 eadem
358 1574 492 1655 lieentia,
525 1593 585 1658 qua
611 1577 643 1640 in
672 1576 814 1641 nooabnli
840 1577 1002 1641 iteratione
1029 1578 1160 1642 fortasse
1189 1576 1347 1642 offendens

223 1676 525 1741 recurris—come
544 1679 575 1742 in
595 1679 882 1742 recursus-doeio
902 1681 983 1744 male
1002 1682 1144 1762 mutauit,
1168 1681 1230 1745 alia
1253 1681 1349 1746 etiam

224 1782 362 1863 nouauit,
382 1784 469 1847 uelut
488 1781 561 1864 231,
581 1783 636 1848 ubi
655 1784 692 1848 ‹le
711 1783 882 1849 latronibus
901 1784 1028 1848 Nioetee
1048 1785 1186 1849 doctrina
1205 1786 1348 1849 eorreotis

223 1904 323 1951 sermo
348 1889 405 1967 est,
629 1890 630 1893 ’

426 2043 553 2127 praeda
568 2042 611 2125 fit
632 2043 753 2106 sanctie
774 2052 867 2106 oetoe
888 2042 947 2108 ille
963 2044 1098 2130 praedo,

430 2156 458 2210 et
479 2147 573 2233 qemit
595 2147 699 2210 nereio
721 2146 883 2211 homicida
905 2147 1042 2232 domnio,

430 2251 515 2313 ion-e
537 2251 706 2314 nodatos
727 2250 886 2337 spoliante
909 2249 1036 2314 Chrieto

449 2400 450 2403 ,
531 2353 678 2417 criminin
701 2354 803 2418 aemio

168 2555 170 2558 -
225 2528 403 2594 oxymorum
426 2509 700 2596 iore—epoliante
719 2510 847 2575 Ctre‘eto
869 2512 897 2575 V
921 2511 1046 2576 sustulit
1066 2513 1240 2595 reponendo
1264 2510 1349 2574 dom

226 2614 414 2678 renudato&

268 2771 367 2855 Supra
384 2768 560 2835 Sohenkelii
580 2771 757 2855 opinionem
776 2771 1026 2852 commemoraui,
1049 2771 1100 2852 qui
1123 2770 1297 2834 scholarum
1317 2771 1349 2834 in

225 2892 318 2938 usum
339 2873 484 2938 Vossioni
510 2875 662 2959 syllogam
691 2874 868 2940 institutam
898 2875 994 2938 finisse
1025 2873 1206 2958 suspicatur.
1248 2892 1349 2937 nonne

226 2978 281 3043 tali
310 2977 438 3042 oonsilio
467 2977 630 3043 broniendi
660 2979 796 3043 studium
826 2981 941 3062 optime
972 2979 1162 3061 explicetur?
1185 2977 1258 3041 eod
1287 2994 1349 3041 non

227 3081 328 3145 solum
358 3081 390 3145 in
420 3081 479 3146 hoo
508 3082 644 3146 carmine
671 3082 815 3147 Vossieni
844 3083 1012 3147 auotoritas
1039 3085 1183 3166 suspecte
1209 3084 1266 3161 est,
1296 3080 1350 3144 sed

226 3186 320 3249 etiam
342 3185 374 3248 in
401 3185 480 3265 eliis,
507 3185 561 3249 nbi
588 3204 659 3249 enm
682 3182 709 3246 O
730 3187 900 3269 oompereri
922 3188 1034 3269 potest,
1061 3186 1150 3249 huius
1174 3185 1202 3248 ei
1225 3185 1350 3248 sineeri-

226 3291 274 3352 tes
295 3287 399 3353 officit.
429 3288 577 3353 nonnulla
600 3289 665 3352 eius
684 3290 730 3353 rei
750 3289 890 3373 exempla
910 3307 946 3352 ex
966 3307 991 3351 o.
1010 3286 1050 3351 10
1068 3289 1167 3371 petito
1185 3305 1349 3370 apponam,

226 3391 338 3474 quibus
362 3392 455 3456 etiem
478 3393 608 3456 oliorum
631 3393 770 3456 oodioum
792 3393 869 3457 ratio
891 3391 1040 3456 illustrari
1062 3391 1168 3473 possit.

272 3546 320 3627 10,
334 3546 374 3609 28
387 3546 463 3633 fuit
482 3547 547 3610 ieta
566 3548 735 3633 quondam,
755 3548 893 3613 Ausonio
912 3543 1052 3612 coneedit
1070 3548 1228 3628 Paulinus,
1249 3555 1350 3608 teeom

393 3651 475 3714 miti
499 3651 671 3715 eoncordia

443 3776 562 3819 uocare
582 3755 696 3818 Motae
718 3753 854 3818 numina

385 3857 550 3943 fandique
571 3880 687 3921 monuo
708 3880 836 3922 monere
858 3857 1023 3921 indultum
1046 3858 1099 3921 dei

441 3973 548 4047 petere
570 3985 585 4025 e
607 3959 787 4024 nemoribus
809 3971 868 4025 aut
889 3961 985 4047 iuqie.

225 4117 282 4180 NV
299 4117 444 4181 exhibent
464 4139 479 4178 e
497 4115 541 4200 (et
555 4119 582 4183 V
596 4137 636 4182 m.
654 4117 688 4203 2)
706 4117 800 4203 fonte
822 4114 1012 4196 nemoribus,
1035 4115 1194 4199 anonte
1215 4129 1348 4197 nemore,

225 4222 347 4301 utrique
370 4227 476 4285 eontra
498 4228 631 4288 metrum
656 4241 781 4286 uersum
804 4222 1034 4304 interpolantes
