2918 4664
524 327 649 367 carmen
664 311 779 378 XXIIII,
791 314 934 369 845-406.

429 487 633 554 Martinianus
655 491 773 553 maeste
794 487 931 573 gaudens
953 487 1078 568 indieat,

478 592 609 657 tolerata
630 609 759 658 narrans
780 591 937 657 fratribus.

426 696 569 761 lacrimae
590 697 622 762 in
644 697 721 780 ipsis
742 695 999 782 gratulationibus

324 807 384 863 380
479 801 611 865 miseent
631 800 757 883 profuse
779 804 909 883 pectore.

426 903 586 970 Theridine
610 904 716 969 aberat
737 905 810 969 inde
832 907 907 968 tune
928 921 1049 968 meeum
1073 921 1160 967 meus

476 1009 533 1089 uir,
556 998 671 1073 munus'
692 1026 711 1073 e
732 1007 854 1074 christo
876 1006 964 1088 mihi,

425 1113 473 1177 uir
495 1113 579 1196 paeis
602 1116 634 1177 et
655 1113 702 1176 nir
724 1112 801 1197 legis
824 1115 855 1176 et
876 1112 923 1175 uir
944 1111 1071 1196 gratiae,

474 1216 595 1298 requies
617 1217 761 1300 uoluptas
783 1235 872 1281 mens
894 1232 977 1290 mea;

323 1329 383 1384 385
427 1320 519 1385 huius
542 1321 690 1404 cohospes
711 1324 816 1385 mente
837 1319 986 1385 Paulinus
1007 1319 1059 1403 pia

475 1425 506 1488 in
528 1424 605 1489 urbe
627 1424 773 1489 seruabat
794 1425 929 1490 demum.

424 1527 647 1616 Martinianum
669 1528 721 1593 hie
742 1531 830 1593 ueste
852 1527 948 1592 nudat
970 1527 1120 1611 naufraga

474 1635 506 1696 et
527 1636 615 1697 ueste
636 1632 753 1714 eoperit
774 1648 830 1696 sua

422 1736 598 1818 denumque
620 1737 753 1816 tunicae,
777 1753 838 1818 que
859 1734 996 1800 sodalem
1018 1737 1189 1816 emauemt,

320 1847 380 1902 390
475 1840 613 1923 geminat
634 1841 772 1904 enenllee
790 1858 928 1904 munere.

421 1942 548 2026 largiter
569 1943 635 2025 ipse
656 1947 730 2008 tune
751 1943 890 2008 nieissim
912 1946 948 2008 ut
969 1943 1136 2027 naufragus

471 2046 503 2111 in
526 2050 614 2112 ueste
636 2049 752 2112 mansit
772 2048 872 2112 uniea.

419 2154 491 2233 pest
511 2150 588 2215 haee
610 2155 643 2215 et
663 2152 702 2216 ad
724 2169 780 2216 nes
802 2169 930 2234 pergere
951 2152 1088 2235 ineeptet
1107 2151 1201 2232 uiam,

471 2272 533 2336 qna
554 2256 666 2320 sternit
688 2273 832 2340 aggerem
855 2256 939 2336 siler,

318 2365 378 2422 390
422 2358 472 2423 eui
494 2360 631 2423 munitor
651 2358 771 2443 Appius
794 2378 907 2425 nemen
929 2360 1023 2424 dedit.

470 2463 542 2527 terit
564 2466 715 2529 terentem
737 2465 909 2539 tramitem3

419 2567 473 2649 qui
495 2570 582 2632 ueste
604 2567 678 2632 trite
699 2569 860 2652 nauigater
881 2571 1010 2633 uenerat

469 2670 564 2754 pedes
586 2671 687 2736 uiator
709 2674 740 2737 et
760 2671 841 2736 terit.

420 2775 474 2839 sed
496 2793 536 2839 ne
557 2775 610 2840 nel
630 2776 691 2840 iste
712 2775 835 2858 penitus
857 2775 993 2841 inmunis
1014 2776 1067 2840 uie

316 2885 377 2941 400
473 2879 570 2944 solitis
593 2882 718 2945 neearet
738 2879 872 2960 ensibus,

418 2982 535 3065 inpune
556 2981 678 3066 pigram
701 3000 762 3048 nen
785 2984 858 3048 tulit
879 2984 1076 3064 sententiam,

469 3104 530 3168 qna
551 3087 677 3159 tendere
697 3089 872 3172 ingressum
893 3088 988 3173 piget.

419 3190 457 3255 ab
480 3190 556 3255 urbe
578 3189 693 3276 Capua,
716 3209 795 3274 quae
818 3192 885 3257 loeo
908 3192 988 3257 sedis
1011 3209 1098 3256 meae

467 3293 517 3359 bis
540 3294 619 3359 dena
641 3296 735 3362 distet
756 3296 850 3377 milit,

313 3405 373 3460 405
419 3402 550 3463 nanetus
574 3402 739 3464 uaeantem
761 3401 883 3466 sarcina
904 3401 1034 3481 mulum,
1058 3404 1094 3465 ut
1115 3401 1214 3464 solent

466 3503 606 3567 iumenta
626 3505 763 3569 reneeari
786 3505 922 3586 domum,

199 3726 254 3780 378
272 3723 394 3779 tollereta
411 3725 466 3781 ΒΟ
538 3728 589 3783 380
607 3727 719 3782 miseent
735 3729 842 3799 profuse
859 3732 965 3801 scripsi,
983 3730 1126 3785 miscentur
1144 3730 1202 3784 fuso
1220 3732 1282 3798 ΒΟ,

154 3812 273 3866 mineent
289 3809 411 3867 refusov
487 3814 538 3869 388
557 3815 673 3884 eoeperit
689 3835 713 3883 v,
732 3817 822 3886 eonpit
843 3818 873 3886 0,
895 3817 981 3887 >ponit
997 3818 1025 3872 Β
1104 3819 1155 3874 889
1173 3818 1283 3886 qnneO

153 3898 209 3953 392
227 3896 320 3950 tuniee
337 3898 365 3951 Β
427 3900 478 3955 398
496 3899 628 3970 inceptam
646 3901 718 3956 niam
740 3904 763 3959 0
829 3906 879 3959 395
898 3904 990 3972 cuique
1008 3919 1098 3958 censor
1115 3902 1216 3974 Appius
1234 3911 1283 3960 aut

155 3982 277 4038 munIter
294 3980 396 4053 Appius
415 3985 456 4038 eni
473 3988 537 4054 fort.
599 3988 688 4057 arpiue
706 3990 733 4044 Β
793 3991 844 4045 896
862 3990 1048 4045 terrentemO
1108 3993 1158 4048 398
1176 3993 1204 4045 et
1219 3991 1282 4046 terit

154 4069 265 4139 scripsi,
284 4069 395 4140 extergit
412 4071 473 4140 ΒΟ,
492 4073 586 4127 exterit
602 4091 618 4129 0
692 4077 744 4132 400
761 4080 868 4131 uocaret
889 4078 912 4132 0
982 4079 1033 4133 402
1050 4077 1199 4147 ingressum
1216 4082 1281 4137 ecri-

151 4155 348 4299 14).ῗὲὛο
360 4157 421 4297 ἓν,
439 4159 572 4226 ingressus
588 4162 617 4216 Β
677 4162 752 4232 piger
769 4163 855 4232 Βο0,·
872 4164 1018 4222 mltoew.
1081 4168 1133 4223 404
1151 4167 1237 4223 deetet
1254 4169 1281 4225 B

227 4256 255 4295 m
297 4257 343 4296 nm
1138 4262 1143 4268 ·
