<?xml version="1.0" encoding="UTF-8"?>
<!DOCTYPE html PUBLIC "-//W3C//DTD XHTML 1.0 Transitional//EN"
    "http://www.w3.org/TR/xhtml1/DTD/xhtml1-transitional.dtd">
<html xmlns="http://www.w3.org/1999/xhtml" xml:lang="en" lang="en">
 <head>
  <title>
</title>
<meta http-equiv="Content-Type" content="text/html;charset=utf-8" />
  <meta name='ocr-system' content='tesseract 3.04.00' />
  <meta name='ocr-capabilities' content='ocr_page ocr_carea ocr_par ocr_line ocrx_word'/>
</head>
<body>
  <div class='ocr_page' id='page_1' title='image "./sanctipontiimer00paulgoog_0409.png"; bbox 0 0 2918 4664; ppageno 0'>
   <div class='ocr_carea' id='block_1_1' title="bbox 154 281 1044 369">
    <p class='ocr_par' dir='ltr' id='par_1_1' title="bbox 154 281 1044 369">
     <span class='ocr_line' id='line_1_1' title="bbox 154 281 1044 369; baseline 0.008 -23"><span class='ocrx_word' id='word_1_1' title='bbox 154 281 218 346; x_wconf 75' lang='lat'><strong>356</strong></span> <span class='ocrx_word' id='word_1_2' title='bbox 380 297 563 353; x_wconf 71' lang='lat' dir='ltr'><strong>(terminum</strong></span> <span class='ocrx_word' id='word_1_3' title='bbox 581 299 607 353; x_wconf 85' lang='lat' dir='ltr'><strong>S.</strong></span> <span class='ocrx_word' id='word_1_4' title='bbox 619 299 748 353; x_wconf 82' lang='lat' dir='ltr'><strong>Peulini</strong></span> <span class='ocrx_word' id='word_1_5' title='bbox 766 299 884 353; x_wconf 79' lang='lat' dir='ltr'><strong>Noleni</strong></span> <span class='ocrx_word' id='word_1_6' title='bbox 900 300 1044 369; x_wconf 74' lang='lat' dir='ltr'><strong>episcopi</strong></span> 
     </span>
    </p>
   </div>
   <div class='ocr_carea' id='block_1_2' title="bbox 263 477 1209 2710">
    <p class='ocr_par' dir='ltr' id='par_1_2' title="bbox 263 477 1209 2710">
     <span class='ocr_line' id='line_1_2' title="bbox 264 477 1051 552; baseline 0.008 -22"><span class='ocrx_word' id='word_1_7' title='bbox 264 485 314 531; x_wconf 76' lang='lat'><strong>215</strong></span> <span class='ocrx_word' id='word_1_8' title='bbox 357 477 497 548; x_wconf 80' lang='lat' dir='ltr'><strong>Christus,</strong></span> <span class='ocrx_word' id='word_1_9' title='bbox 512 477 604 535; x_wconf 85' lang='lat' dir='ltr'><strong>securi</strong></span> <span class='ocrx_word' id='word_1_10' title='bbox 618 478 732 536; x_wconf 84' lang='lat' dir='ltr'><strong>tendem</strong></span> <span class='ocrx_word' id='word_1_11' title='bbox 748 495 823 537; x_wconf 90' lang='lat' dir='ltr'><strong>noue</strong></span> <span class='ocrx_word' id='word_1_12' title='bbox 836 478 940 552; x_wconf 81' lang='lat' dir='ltr'><strong>geudie</strong></span> <span class='ocrx_word' id='word_1_13' title='bbox 953 479 1051 536; x_wconf 88' lang='lat' dir='ltr'><strong>mundi</strong></span> 
     </span>
     <span class='ocr_line' id='line_1_3' title="bbox 407 562 1019 638; baseline 0.002 -17"><span class='ocrx_word' id='word_1_14' title='bbox 407 563 565 622; x_wconf 85' lang='lat' dir='ltr'><strong>innumeris</strong></span> <span class='ocrx_word' id='word_1_15' title='bbox 580 562 682 622; x_wconf 91' lang='lat' dir='ltr'><strong>dudum</strong></span> <span class='ocrx_word' id='word_1_16' title='bbox 697 562 804 638; x_wconf 84' lang='lat' dir='ltr'><strong>scripte</strong></span> <span class='ocrx_word' id='word_1_17' title='bbox 818 565 1019 635; x_wconf 84' lang='lat' dir='ltr'><strong>uoluminibus,</strong></span> 
     </span>
     <span class='ocr_line' id='line_1_4' title="bbox 357 650 1040 725; baseline 0.001 -18"><span class='ocrx_word' id='word_1_18' title='bbox 357 650 497 719; x_wconf 76' lang='lat' dir='ltr'><strong>Chmstus,</strong></span> <span class='ocrx_word' id='word_1_19' title='bbox 512 667 656 710; x_wconf 76' lang='lat' dir='ltr'><strong>ceecorum</strong></span> <span class='ocrx_word' id='word_1_20' title='bbox 671 651 776 721; x_wconf 89' lang='lat' dir='ltr'><strong>lumen,</strong></span> <span class='ocrx_word' id='word_1_21' title='bbox 791 651 921 725; x_wconf 83' lang='lat' dir='ltr'><strong>purgetic</strong></span> <span class='ocrx_word' id='word_1_22' title='bbox 936 651 1040 724; x_wconf 76' lang='lat' dir='ltr'><strong>leprae,</strong></span> 
     </span>
     <span class='ocr_line' id='line_1_5' title="bbox 407 736 921 810; baseline 0.002 -16"><span class='ocrx_word' id='word_1_23' title='bbox 407 737 521 795; x_wconf 75' lang='lat' dir='ltr'><strong>auditne</strong></span> <span class='ocrx_word' id='word_1_24' title='bbox 535 737 640 808; x_wconf 86' lang='lat' dir='ltr'><strong>surdis,</strong></span> <span class='ocrx_word' id='word_1_25' title='bbox 655 736 785 796; x_wconf 74' lang='lat' dir='ltr'><strong>sollicitis</strong></span> <span class='ocrx_word' id='word_1_26' title='bbox 799 737 921 810; x_wconf 85' lang='lat' dir='ltr'><strong>requies,</strong></span> 
     </span>
     <span class='ocr_line' id='line_1_6' title="bbox 356 821 1107 898; baseline 0.003 -18"><span class='ocrx_word' id='word_1_27' title='bbox 356 821 517 881; x_wconf 78' lang='lat' dir='ltr'><strong>claudorum</strong></span> <span class='ocrx_word' id='word_1_28' title='bbox 531 841 658 898; x_wconf 75' lang='lat' dir='ltr'><strong>gressus,</strong></span> <span class='ocrx_word' id='word_1_29' title='bbox 672 826 812 881; x_wconf 90' lang='lat' dir='ltr'><strong>mutorum</strong></span> <span class='ocrx_word' id='word_1_30' title='bbox 826 824 934 897; x_wconf 79' lang='lat' dir='ltr'><strong>lingue,</strong></span> <span class='ocrx_word' id='word_1_31' title='bbox 950 824 1107 897; x_wconf 71' lang='lat' dir='ltr'><strong>redemptor</strong></span> 
     </span>
     <span class='ocr_line' id='line_1_7' title="bbox 264 909 941 983; baseline 0.004 -19"><span class='ocrx_word' id='word_1_32' title='bbox 264 916 315 964; x_wconf 78' lang='lat'><strong>220</strong></span> <span class='ocrx_word' id='word_1_33' title='bbox 408 909 485 968; x_wconf 87' lang='lat' dir='ltr'><strong>orbis</strong></span> <span class='ocrx_word' id='word_1_34' title='bbox 498 913 529 969; x_wconf 88' lang='lat' dir='ltr'><strong>ct</strong></span> <span class='ocrx_word' id='word_1_35' title='bbox 542 910 645 968; x_wconf 79' lang='lat' dir='ltr'><strong>addicti</strong></span> <span class='ocrx_word' id='word_1_36' title='bbox 660 927 728 968; x_wconf 85' lang='lat' dir='ltr'><strong>uere</strong></span> <span class='ocrx_word' id='word_1_37' title='bbox 742 910 820 968; x_wconf 86' lang='lat' dir='ltr'><strong>selus</strong></span> <span class='ocrx_word' id='word_1_38' title='bbox 834 910 941 983; x_wconf 88' lang='lat' dir='ltr'><strong>populi,</strong></span> 
     </span>
     <span class='ocr_line' id='line_1_8' title="bbox 357 995 1084 1070; baseline 0.001 -17"><span class='ocrx_word' id='word_1_39' title='bbox 357 995 474 1068; x_wconf 90' lang='lat' dir='ltr'><strong>pertulit</strong></span> <span class='ocrx_word' id='word_1_40' title='bbox 487 999 621 1055; x_wconf 80' lang='lat' dir='ltr'><strong>aeternus</strong></span> <span class='ocrx_word' id='word_1_41' title='bbox 634 996 790 1055; x_wconf 88' lang='lat' dir='ltr'><strong>communis</strong></span> <span class='ocrx_word' id='word_1_42' title='bbox 804 995 929 1054; x_wconf 80' lang='lat' dir='ltr'><strong>clanstro</strong></span> <span class='ocrx_word' id='word_1_43' title='bbox 943 996 1084 1070; x_wconf 75' lang='lat' dir='ltr'><strong>sepulchri</strong></span> 
     </span>
     <span class='ocr_line' id='line_1_9' title="bbox 407 1082 1049 1156; baseline 0.002 -16"><span class='ocrx_word' id='word_1_44' title='bbox 407 1086 437 1140; x_wconf 92' lang='lat' dir='ltr'><strong>et</strong></span> <span class='ocrx_word' id='word_1_45' title='bbox 450 1087 547 1141; x_wconf 83' lang='lat' dir='ltr'><strong>menet</strong></span> <span class='ocrx_word' id='word_1_46' title='bbox 561 1086 694 1141; x_wconf 85' lang='lat' dir='ltr'><strong>eetcrnns</strong></span> <span class='ocrx_word' id='word_1_47' title='bbox 708 1100 791 1156; x_wconf 88' lang='lat' dir='ltr'><strong>quom</strong></span> <span class='ocrx_word' id='word_1_48' title='bbox 805 1083 900 1141; x_wconf 91' lang='lat' dir='ltr'><strong>tenuit</strong></span> <span class='ocrx_word' id='word_1_49' title='bbox 913 1082 1049 1141; x_wconf 84' lang='lat' dir='ltr'><strong>tumulus.</strong></span> 
     </span>
     <span class='ocr_line' id='line_1_10' title="bbox 357 1168 1065 1239; baseline 0.001 -14"><span class='ocrx_word' id='word_1_50' title='bbox 357 1168 524 1229; x_wconf 85' lang='lat' dir='ltr'><strong>immortelis</strong></span> <span class='ocrx_word' id='word_1_51' title='bbox 538 1173 613 1238; x_wconf 89' lang='lat' dir='ltr'><strong>eret;</strong></span> <span class='ocrx_word' id='word_1_52' title='bbox 628 1172 674 1227; x_wconf 89' lang='lat' dir='ltr'><strong>est</strong></span> <span class='ocrx_word' id='word_1_53' title='bbox 687 1172 825 1239; x_wconf 83' lang='lat' dir='ltr'><strong>mortuus,</strong></span> <span class='ocrx_word' id='word_1_54' title='bbox 841 1173 871 1227; x_wconf 90' lang='lat' dir='ltr'><strong>ct</strong></span> <span class='ocrx_word' id='word_1_55' title='bbox 884 1170 964 1228; x_wconf 92' lang='lat' dir='ltr'><strong>modo</strong></span> <span class='ocrx_word' id='word_1_56' title='bbox 978 1168 1065 1236; x_wconf 91' lang='lat' dir='ltr'><strong>uiuit;</strong></span> 
     </span>
     <span class='ocr_line' id='line_1_11' title="bbox 407 1255 1077 1324; baseline 0.003 -12"><span class='ocrx_word' id='word_1_57' title='bbox 407 1258 474 1312; x_wconf 85' lang='lat' dir='ltr'><strong>ente</strong></span> <span class='ocrx_word' id='word_1_58' title='bbox 488 1256 557 1313; x_wconf 88' lang='lat' dir='ltr'><strong>dens</strong></span> <span class='ocrx_word' id='word_1_59' title='bbox 571 1256 653 1313; x_wconf 85' lang='lat' dir='ltr'><strong>homo</strong></span> <span class='ocrx_word' id='word_1_60' title='bbox 666 1259 726 1324; x_wconf 81' lang='lat' dir='ltr'><strong>est3</strong></span> <span class='ocrx_word' id='word_1_61' title='bbox 742 1273 819 1314; x_wconf 89' lang='lat' dir='ltr'><strong>nune</strong></span> <span class='ocrx_word' id='word_1_62' title='bbox 833 1256 902 1314; x_wconf 89' lang='lat' dir='ltr'><strong>deus</strong></span> <span class='ocrx_word' id='word_1_63' title='bbox 916 1273 950 1313; x_wconf 86' lang='lat' dir='ltr'><strong>ex</strong></span> <span class='ocrx_word' id='word_1_64' title='bbox 965 1255 1077 1314; x_wconf 86' lang='lat' dir='ltr'><strong>homine</strong></span> 
     </span>
     <span class='ocr_line' id='line_1_12' title="bbox 263 1341 1005 1415; baseline 0.004 -19"><span class='ocrx_word' id='word_1_65' title='bbox 263 1349 314 1396; x_wconf 74' lang='lat'><strong>225</strong></span> <span class='ocrx_word' id='word_1_66' title='bbox 357 1342 520 1400; x_wconf 75' lang='lat' dir='ltr'><strong>conscendit</strong></span> <span class='ocrx_word' id='word_1_67' title='bbox 534 1341 641 1400; x_wconf 87' lang='lat' dir='ltr'><strong>ceelnm</strong></span> <span class='ocrx_word' id='word_1_68' title='bbox 656 1344 768 1400; x_wconf 72' lang='lat' dir='ltr'><strong>mnes</strong></span> <span class='ocrx_word' id='word_1_69' title='bbox 782 1342 846 1400; x_wconf 87' lang='lat' dir='ltr'><strong>sede</strong></span> <span class='ocrx_word' id='word_1_70' title='bbox 861 1344 1005 1415; x_wconf 68' lang='lat' dir='ltr'><strong>receptum</strong></span> 
     </span>
     <span class='ocr_line' id='line_1_13' title="bbox 408 1427 1031 1503; baseline -0.003 -16"><span class='ocrx_word' id='word_1_71' title='bbox 408 1432 561 1503; x_wconf 86' lang='lat' dir='ltr'><strong>perpetuus</strong></span> <span class='ocrx_word' id='word_1_72' title='bbox 575 1427 704 1487; x_wconf 89' lang='lat' dir='ltr'><strong>dominus</strong></span> <span class='ocrx_word' id='word_1_73' title='bbox 717 1431 763 1486; x_wconf 89' lang='lat' dir='ltr'><strong>est</strong></span> <span class='ocrx_word' id='word_1_74' title='bbox 777 1431 839 1494; x_wconf 84' lang='lat' dir='ltr'><strong>oret</strong></span> <span class='ocrx_word' id='word_1_75' title='bbox 852 1432 882 1486; x_wconf 90' lang='lat' dir='ltr'><strong>ot</strong></span> <span class='ocrx_word' id='word_1_76' title='bbox 895 1428 1000 1486; x_wconf 90' lang='lat' dir='ltr'><strong>ueniet.</strong></span> <span class='ocrx_word' id='word_1_77' title='bbox 1027 1454 1031 1460; x_wconf 92' lang='lat'>·</span> 
     </span>
     <span class='ocr_line' id='line_1_14' title="bbox 356 1512 1052 1589; baseline -0.001 -17"><span class='ocrx_word' id='word_1_78' title='bbox 356 1516 389 1572; x_wconf 92' lang='lat' dir='ltr'><strong>tu</strong></span> <span class='ocrx_word' id='word_1_79' title='bbox 404 1518 485 1587; x_wconf 79' lang='lat' dir='ltr'><strong>peter</strong></span> <span class='ocrx_word' id='word_1_80' title='bbox 499 1515 661 1589; x_wconf 68' lang='lat' dir='ltr'><strong>ingenitum</strong></span> <span class='ocrx_word' id='word_1_81' title='bbox 675 1514 791 1589; x_wconf 76' lang='lat' dir='ltr'><strong>genitus</strong></span> <span class='ocrx_word' id='word_1_82' title='bbox 805 1514 858 1573; x_wconf 91' lang='lat' dir='ltr'><strong>tibi</strong></span> <span class='ocrx_word' id='word_1_83' title='bbox 872 1512 960 1586; x_wconf 88' lang='lat' dir='ltr'><strong>lilius,</strong></span> <span class='ocrx_word' id='word_1_84' title='bbox 975 1532 1009 1572; x_wconf 83' lang='lat' dir='ltr'><strong>er</strong></span> <span class='ocrx_word' id='word_1_85' title='bbox 1023 1517 1052 1571; x_wconf 90' lang='lat' dir='ltr'><strong>te</strong></span> 
     </span>
     <span class='ocr_line' id='line_1_15' title="bbox 407 1600 1033 1675; baseline -0.002 -17"><span class='ocrx_word' id='word_1_86' title='bbox 407 1618 466 1658; x_wconf 92' lang='lat' dir='ltr'><strong>non</strong></span> <span class='ocrx_word' id='word_1_87' title='bbox 480 1601 596 1675; x_wconf 81' lang='lat' dir='ltr'><strong>genitus</strong></span> <span class='ocrx_word' id='word_1_88' title='bbox 610 1603 728 1659; x_wconf 86' lang='lat' dir='ltr'><strong>senetns</strong></span> <span class='ocrx_word' id='word_1_89' title='bbox 743 1600 861 1674; x_wconf 83' lang='lat' dir='ltr'><strong>spiritus</strong></span> <span class='ocrx_word' id='word_1_90' title='bbox 876 1601 1033 1674; x_wconf 76' lang='lat' dir='ltr'><strong>egreditur;</strong></span> 
     </span>
     <span class='ocr_line' id='line_1_16' title="bbox 358 1686 1089 1762; baseline 0.001 -19"><span class='ocrx_word' id='word_1_91' title='bbox 358 1686 407 1760; x_wconf 89' lang='lat' dir='ltr'><strong>qui</strong></span> <span class='ocrx_word' id='word_1_92' title='bbox 421 1705 531 1762; x_wconf 89' lang='lat' dir='ltr'><strong>semper</strong></span> <span class='ocrx_word' id='word_1_93' title='bbox 545 1687 653 1746; x_wconf 88' lang='lat' dir='ltr'><strong>medius</strong></span> <span class='ocrx_word' id='word_1_94' title='bbox 667 1687 744 1744; x_wconf 92' lang='lat' dir='ltr'><strong>iuter</strong></span> <span class='ocrx_word' id='word_1_95' title='bbox 757 1689 911 1761; x_wconf 84' lang='lat' dir='ltr'><strong>metumque</strong></span> <span class='ocrx_word' id='word_1_96' title='bbox 926 1689 1089 1760; x_wconf 79' lang='lat' dir='ltr'><strong>patremque</strong></span> 
     </span>
     <span class='ocr_line' id='line_1_17' title="bbox 265 1772 946 1846; baseline 0.004 -18"><span class='ocrx_word' id='word_1_97' title='bbox 265 1780 315 1828; x_wconf 75' lang='lat'><strong>2³0</strong></span> <span class='ocrx_word' id='word_1_98' title='bbox 408 1774 534 1832; x_wconf 73' lang='lat' dir='ltr'><strong>sentitur</strong></span> <span class='ocrx_word' id='word_1_99' title='bbox 547 1774 647 1843; x_wconf 79' lang='lat' dir='ltr'><strong>sentit,</strong></span> <span class='ocrx_word' id='word_1_100' title='bbox 662 1773 785 1832; x_wconf 75' lang='lat' dir='ltr'><strong>traditur</strong></span> <span class='ocrx_word' id='word_1_101' title='bbox 799 1772 946 1846; x_wconf 70' lang='lat' dir='ltr'><strong>accipitur,</strong></span> 
     </span>
     <span class='ocr_line' id='line_1_18' title="bbox 358 1859 1083 1934; baseline 0 -18"><span class='ocrx_word' id='word_1_102' title='bbox 358 1859 516 1919; x_wconf 78' lang='lat' dir='ltr'><strong>sanctificet</strong></span> <span class='ocrx_word' id='word_1_103' title='bbox 529 1860 621 1934; x_wconf 88' lang='lat' dir='ltr'><strong>spiret</strong></span> <span class='ocrx_word' id='word_1_104' title='bbox 635 1859 805 1928; x_wconf 83' lang='lat' dir='ltr'><strong>dominetur,</strong></span> <span class='ocrx_word' id='word_1_105' title='bbox 819 1861 898 1919; x_wconf 88' lang='lat' dir='ltr'><strong>totus</strong></span> <span class='ocrx_word' id='word_1_106' title='bbox 912 1859 1016 1932; x_wconf 87' lang='lat' dir='ltr'><strong>ubique</strong></span> <span class='ocrx_word' id='word_1_107' title='bbox 1030 1863 1083 1927; x_wconf 88' lang='lat' dir='ltr'><strong>est,</strong></span> 
     </span>
     <span class='ocr_line' id='line_1_19' title="bbox 408 1944 977 2018; baseline -0.005 -12"><span class='ocrx_word' id='word_1_108' title='bbox 408 1963 523 2005; x_wconf 79' lang='lat' dir='ltr'><strong>accessu</strong></span> <span class='ocrx_word' id='word_1_109' title='bbox 538 1946 681 2017; x_wconf 84' lang='lat' dir='ltr'><strong>emundet,</strong></span> <span class='ocrx_word' id='word_1_110' title='bbox 696 1944 844 2004; x_wconf 86' lang='lat' dir='ltr'><strong>munditiis</strong></span> <span class='ocrx_word' id='word_1_111' title='bbox 858 1945 977 2018; x_wconf 84' lang='lat' dir='ltr'><strong>cepitnr.</strong></span> 
     </span>
     <span class='ocr_line' id='line_1_20' title="bbox 358 2030 1209 2107; baseline -0.002 -17"><span class='ocrx_word' id='word_1_112' title='bbox 358 2033 502 2091; x_wconf 88' lang='lat' dir='ltr'><strong>dnmmodo</strong></span> <span class='ocrx_word' id='word_1_113' title='bbox 517 2032 566 2106; x_wconf 90' lang='lat' dir='ltr'><strong>qui</strong></span> <span class='ocrx_word' id='word_1_114' title='bbox 580 2032 683 2107; x_wconf 79' lang='lat' dir='ltr'><strong>religet</strong></span> <span class='ocrx_word' id='word_1_115' title='bbox 695 2032 753 2090; x_wconf 86' lang='lat' dir='ltr'><strong>tris</strong></span> <span class='ocrx_word' id='word_1_116' title='bbox 766 2031 891 2102; x_wconf 89' lang='lat' dir='ltr'><strong>nomine,</strong></span> <span class='ocrx_word' id='word_1_117' title='bbox 906 2034 966 2090; x_wconf 92' lang='lat' dir='ltr'><strong>tres</strong></span> <span class='ocrx_word' id='word_1_118' title='bbox 980 2048 1090 2106; x_wconf 86' lang='lat' dir='ltr'><strong>qunque</strong></span> <span class='ocrx_word' id='word_1_119' title='bbox 1105 2030 1209 2090; x_wconf 84' lang='lat' dir='ltr'><strong>formes</strong></span> 
     </span>
     <span class='ocr_line' id='line_1_21' title="bbox 409 2118 1015 2192; baseline -0.002 -16"><span class='ocrx_word' id='word_1_120' title='bbox 409 2136 496 2177; x_wconf 93' lang='lat' dir='ltr'><strong>unum</strong></span> <span class='ocrx_word' id='word_1_121' title='bbox 511 2118 658 2178; x_wconf 83' lang='lat' dir='ltr'><strong>consultus</strong></span> <span class='ocrx_word' id='word_1_122' title='bbox 673 2135 732 2179; x_wconf 94' lang='lat' dir='ltr'><strong>non</strong></span> <span class='ocrx_word' id='word_1_123' title='bbox 746 2120 832 2192; x_wconf 74' lang='lat' dir='ltr'><strong>neget</strong></span> <span class='ocrx_word' id='word_1_124' title='bbox 846 2135 909 2176; x_wconf 89' lang='lat' dir='ltr'><strong>esse</strong></span> <span class='ocrx_word' id='word_1_125' title='bbox 923 2119 1015 2186; x_wconf 89' lang='lat' dir='ltr'><strong>deum,</strong></span> 
     </span>
     <span class='ocr_line' id='line_1_22' title="bbox 265 2203 1019 2278; baseline 0 -16"><span class='ocrx_word' id='word_1_126' title='bbox 265 2215 315 2263; x_wconf 75' lang='lat'><strong>235</strong></span> <span class='ocrx_word' id='word_1_127' title='bbox 358 2205 475 2264; x_wconf 90' lang='lat' dir='ltr'><strong>uirtutis</strong></span> <span class='ocrx_word' id='word_1_128' title='bbox 490 2204 601 2274; x_wconf 84' lang='lat' dir='ltr'><strong>similis,</strong></span> <span class='ocrx_word' id='word_1_129' title='bbox 616 2204 719 2263; x_wconf 85' lang='lat' dir='ltr'><strong>similis</strong></span> <span class='ocrx_word' id='word_1_130' title='bbox 732 2204 858 2278; x_wconf 79' lang='lat' dir='ltr'><strong>pietatis,</strong></span> <span class='ocrx_word' id='word_1_131' title='bbox 873 2203 902 2263; x_wconf 94' lang='lat' dir='ltr'><strong>id</strong></span> <span class='ocrx_word' id='word_1_132' title='bbox 916 2203 1019 2278; x_wconf 88' lang='lat' dir='ltr'><strong>ipsum,</strong></span> 
     </span>
     <span class='ocr_line' id='line_1_23' title="bbox 408 2290 1047 2364; baseline -0.002 -15"><span class='ocrx_word' id='word_1_133' title='bbox 408 2309 496 2349; x_wconf 89' lang='lat' dir='ltr'><strong>unum</strong></span> <span class='ocrx_word' id='word_1_134' title='bbox 511 2308 569 2351; x_wconf 92' lang='lat' dir='ltr'><strong>ncn</strong></span> <span class='ocrx_word' id='word_1_135' title='bbox 584 2309 682 2361; x_wconf 89' lang='lat' dir='ltr'><strong>unum,</strong></span> <span class='ocrx_word' id='word_1_136' title='bbox 698 2292 747 2349; x_wconf 84' lang='lat' dir='ltr'><strong>sed</strong></span> <span class='ocrx_word' id='word_1_137' title='bbox 761 2307 842 2364; x_wconf 82' lang='lat' dir='ltr'><strong>megs</strong></span> <span class='ocrx_word' id='word_1_138' title='bbox 856 2291 953 2349; x_wconf 85' lang='lat' dir='ltr'><strong>credet</strong></span> <span class='ocrx_word' id='word_1_139' title='bbox 966 2290 1047 2348; x_wconf 87' lang='lat' dir='ltr'><strong>idem.</strong></span> 
     </span>
     <span class='ocr_line' id='line_1_24' title="bbox 357 2377 1143 2453; baseline -0.005 -15"><span class='ocrx_word' id='word_1_140' title='bbox 357 2378 425 2437; x_wconf 75' lang='lat' dir='ltr'><strong>haec</strong></span> <span class='ocrx_word' id='word_1_141' title='bbox 440 2396 501 2453; x_wconf 77' lang='lat' dir='ltr'><strong>ego,</strong></span> <span class='ocrx_word' id='word_1_142' title='bbox 517 2395 576 2437; x_wconf 93' lang='lat' dir='ltr'><strong>non</strong></span> <span class='ocrx_word' id='word_1_143' title='bbox 590 2379 729 2451; x_wconf 77' lang='lat' dir='ltr'><strong>quantum</strong></span> <span class='ocrx_word' id='word_1_144' title='bbox 743 2377 820 2438; x_wconf 91' lang='lat' dir='ltr'><strong>uolui</strong></span> <span class='ocrx_word' id='word_1_145' title='bbox 835 2393 887 2450; x_wconf 89' lang='lat' dir='ltr'><strong>pro</strong></span> <span class='ocrx_word' id='word_1_146' title='bbox 901 2377 1024 2450; x_wconf 90' lang='lat' dir='ltr'><strong>pondere</strong></span> <span class='ocrx_word' id='word_1_147' title='bbox 1038 2393 1143 2446; x_wconf 89' lang='lat' dir='ltr'><strong>rorum,</strong></span> 
     </span>
     <span class='ocr_line' id='line_1_25' title="bbox 412 2463 980 2539; baseline -0.005 -15"><span class='ocrx_word' id='word_1_148' title='bbox 412 2466 460 2524; x_wconf 86' lang='lat' dir='ltr'><strong>sed</strong></span> <span class='ocrx_word' id='word_1_149' title='bbox 475 2467 614 2539; x_wconf 81' lang='lat' dir='ltr'><strong>qnantum</strong></span> <span class='ocrx_word' id='word_1_150' title='bbox 629 2463 709 2521; x_wconf 88' lang='lat' dir='ltr'><strong>uitiis</strong></span> <span class='ocrx_word' id='word_1_151' title='bbox 723 2463 878 2537; x_wconf 90' lang='lat' dir='ltr'><strong>implicitus</strong></span> <span class='ocrx_word' id='word_1_152' title='bbox 892 2463 980 2536; x_wconf 90' lang='lat' dir='ltr'><strong>potui.</strong></span> 
     </span>
     <span class='ocr_line' id='line_1_26' title="bbox 357 2549 1062 2623; baseline -0.006 -13"><span class='ocrx_word' id='word_1_153' title='bbox 357 2553 389 2609; x_wconf 90' lang='lat' dir='ltr'><strong>tu</strong></span> <span class='ocrx_word' id='word_1_154' title='bbox 405 2552 533 2620; x_wconf 84' lang='lat' dir='ltr'><strong>concede,</strong></span> <span class='ocrx_word' id='word_1_155' title='bbox 548 2554 638 2623; x_wconf 83' lang='lat' dir='ltr'><strong>pstor,</strong></span> <span class='ocrx_word' id='word_1_156' title='bbox 653 2550 736 2608; x_wconf 91' lang='lat' dir='ltr'><strong>duret</strong></span> <span class='ocrx_word' id='word_1_157' title='bbox 750 2549 817 2607; x_wconf 90' lang='lat' dir='ltr'><strong>mihi</strong></span> <span class='ocrx_word' id='word_1_158' title='bbox 833 2566 944 2623; x_wconf 87' lang='lat' dir='ltr'><strong>semper</strong></span> <span class='ocrx_word' id='word_1_159' title='bbox 957 2551 991 2607; x_wconf 91' lang='lat' dir='ltr'><strong>nt</strong></span> <span class='ocrx_word' id='word_1_160' title='bbox 1004 2549 1062 2607; x_wconf 87' lang='lat' dir='ltr'><strong>iste</strong></span> 
     </span>
     <span class='ocr_line' id='line_1_27' title="bbox 265 2635 964 2710; baseline 0.001 -18"><span class='ocrx_word' id='word_1_161' title='bbox 265 2645 317 2693; x_wconf 76' lang='lat'><strong>240</strong></span> <span class='ocrx_word' id='word_1_162' title='bbox 410 2654 469 2694; x_wconf 89' lang='lat' dir='ltr'><strong>uue</strong></span> <span class='ocrx_word' id='word_1_163' title='bbox 483 2654 568 2710; x_wconf 90' lang='lat' dir='ltr'><strong>super</strong></span> <span class='ocrx_word' id='word_1_164' title='bbox 583 2635 661 2694; x_wconf 89' lang='lat' dir='ltr'><strong>trine</strong></span> <span class='ocrx_word' id='word_1_165' title='bbox 674 2636 790 2694; x_wconf 88' lang='lat' dir='ltr'><strong>nomine</strong></span> <span class='ocrx_word' id='word_1_166' title='bbox 803 2635 964 2694; x_wconf 78' lang='lat' dir='ltr'><strong>credulitas.</strong></span> 
     </span>
    </p>
   </div>
   <div class='ocr_carea' id='block_1_3' title="bbox 620 2859 907 2912">
    <p class='ocr_par' dir='ltr' id='par_1_3' title="bbox 620 2859 907 2912">
     <span class='ocr_line' id='line_1_28' title="bbox 620 2859 907 2912; baseline -0.01 -2"><span class='ocrx_word' id='word_1_167' title='bbox 620 2859 811 2911; x_wconf 71' lang='lat' dir='ltr'>GABIEB</span> <span class='ocrx_word' id='word_1_168' title='bbox 828 2860 907 2912; x_wconf 92' lang='lat'>1111.</span> 
     </span>
    </p>
   </div>
   <div class='ocr_carea' id='block_1_4' title="bbox 285 2983 1212 3925">
    <p class='ocr_par' dir='ltr' id='par_1_4' title="bbox 285 2983 1212 3925">
     <span class='ocr_line' id='line_1_29' title="bbox 359 2983 1090 3056; baseline -0.003 -12"><span class='ocrx_word' id='word_1_169' title='bbox 359 2985 452 3045; x_wconf 86' lang='lat' dir='ltr'><strong>Verbe</strong></span> <span class='ocrx_word' id='word_1_170' title='bbox 465 2983 509 3044; x_wconf 90' lang='lat' dir='ltr'><strong>tui</strong></span> <span class='ocrx_word' id='word_1_171' title='bbox 522 2983 631 3056; x_wconf 83' lang='lat' dir='ltr'><strong>tomuli,</strong></span> <span class='ocrx_word' id='word_1_172' title='bbox 647 3001 695 3042; x_wconf 83' lang='lat' dir='ltr'><strong>rex</strong></span> <span class='ocrx_word' id='word_1_173' title='bbox 710 3001 827 3054; x_wconf 85' lang='lat' dir='ltr'><strong>summe,</strong></span> <span class='ocrx_word' id='word_1_174' title='bbox 842 2983 957 3041; x_wconf 78' lang='lat' dir='ltr'><strong>attende</strong></span> <span class='ocrx_word' id='word_1_175' title='bbox 971 2999 1090 3042; x_wconf 85' lang='lat' dir='ltr'><strong>serenus</strong></span> 
     </span>
     <span class='ocr_line' id='line_1_30' title="bbox 409 3069 1016 3145; baseline -0.005 -16"><span class='ocrx_word' id='word_1_176' title='bbox 409 3071 517 3145; x_wconf 85' lang='lat' dir='ltr'><strong>respice</strong></span> <span class='ocrx_word' id='word_1_177' title='bbox 531 3072 560 3129; x_wconf 90' lang='lat' dir='ltr'><strong>et</strong></span> <span class='ocrx_word' id='word_1_178' title='bbox 573 3070 704 3129; x_wconf 82' lang='lat' dir='ltr'><strong>ellectum</strong></span> <span class='ocrx_word' id='word_1_179' title='bbox 718 3087 782 3129; x_wconf 88' lang='lat' dir='ltr'><strong>cum</strong></span> <span class='ocrx_word' id='word_1_180' title='bbox 796 3069 902 3144; x_wconf 80' lang='lat' dir='ltr'><strong>pietate</strong></span> <span class='ocrx_word' id='word_1_181' title='bbox 917 3086 1016 3128; x_wconf 90' lang='lat' dir='ltr'><strong>meum.</strong></span> 
     </span>
     <span class='ocr_line' id='line_1_31' title="bbox 359 3155 1212 3231; baseline -0.005 -15"><span class='ocrx_word' id='word_1_182' title='bbox 359 3175 421 3216; x_wconf 85' lang='lat' dir='ltr'><strong>eum</strong></span> <span class='ocrx_word' id='word_1_183' title='bbox 435 3158 530 3228; x_wconf 88' lang='lat' dir='ltr'><strong>miser,</strong></span> <span class='ocrx_word' id='word_1_184' title='bbox 546 3160 578 3214; x_wconf 87' lang='lat' dir='ltr'><strong>ut</strong></span> <span class='ocrx_word' id='word_1_185' title='bbox 592 3174 708 3228; x_wconf 86' lang='lat' dir='ltr'><strong>mereor,</strong></span> <span class='ocrx_word' id='word_1_186' title='bbox 723 3160 861 3231; x_wconf 80' lang='lat' dir='ltr'><strong>quantum</strong></span> <span class='ocrx_word' id='word_1_187' title='bbox 875 3155 923 3214; x_wconf 89' lang='lat' dir='ltr'><strong>uix</strong></span> <span class='ocrx_word' id='word_1_188' title='bbox 937 3155 1013 3213; x_wconf 93' lang='lat' dir='ltr'><strong>ullus</strong></span> <span class='ocrx_word' id='word_1_189' title='bbox 1028 3155 1060 3213; x_wconf 93' lang='lat' dir='ltr'><strong>in</strong></span> <span class='ocrx_word' id='word_1_190' title='bbox 1074 3158 1139 3215; x_wconf 87' lang='lat' dir='ltr'><strong>orbe</strong></span> <span class='ocrx_word' id='word_1_191' title='bbox 1154 3156 1212 3222; x_wconf 89' lang='lat' dir='ltr'><strong>ost;</strong></span> 
     </span>
     <span class='ocr_line' id='line_1_32' title="bbox 409 3241 1045 3318; baseline -0.005 -15"><span class='ocrx_word' id='word_1_192' title='bbox 409 3261 520 3318; x_wconf 87' lang='lat' dir='ltr'><strong>semper</strong></span> <span class='ocrx_word' id='word_1_193' title='bbox 535 3243 612 3302; x_wconf 89' lang='lat' dir='ltr'><strong>inest</strong></span> <span class='ocrx_word' id='word_1_194' title='bbox 626 3243 720 3302; x_wconf 85' lang='lat' dir='ltr'><strong>luctus</strong></span> <span class='ocrx_word' id='word_1_195' title='bbox 733 3242 828 3302; x_wconf 85' lang='lat' dir='ltr'><strong>tristis</strong></span> <span class='ocrx_word' id='word_1_196' title='bbox 842 3244 871 3301; x_wconf 91' lang='lat' dir='ltr'><strong>et</strong></span> <span class='ocrx_word' id='word_1_197' title='bbox 884 3242 955 3301; x_wconf 87' lang='lat' dir='ltr'><strong>hore</strong></span> <span class='ocrx_word' id='word_1_198' title='bbox 968 3241 1045 3300; x_wconf 88' lang='lat' dir='ltr'><strong>mihi.</strong></span> 
     </span>
     <span class='ocr_line' id='line_1_33' title="bbox 300 3327 1141 3405; baseline 0 -19"><span class='ocrx_word' id='word_1_199' title='bbox 300 3337 316 3386; x_wconf 82' lang='lat' dir='ltr'><strong>o</strong></span> <span class='ocrx_word' id='word_1_200' title='bbox 360 3330 498 3405; x_wconf 86' lang='lat' dir='ltr'><strong>septimus</strong></span> <span class='ocrx_word' id='word_1_201' title='bbox 511 3347 606 3389; x_wconf 85' lang='lat' dir='ltr'><strong>onnus</strong></span> <span class='ocrx_word' id='word_1_202' title='bbox 620 3331 711 3400; x_wconf 79' lang='lat' dir='ltr'><strong>edest,</strong></span> <span class='ocrx_word' id='word_1_203' title='bbox 727 3347 760 3388; x_wconf 84' lang='lat' dir='ltr'><strong>cn</strong></span> <span class='ocrx_word' id='word_1_204' title='bbox 774 3345 829 3404; x_wconf 87' lang='lat' dir='ltr'><strong>qno</strong></span> <span class='ocrx_word' id='word_1_205' title='bbox 842 3344 919 3388; x_wconf 86' lang='lat' dir='ltr'><strong>noue</strong></span> <span class='ocrx_word' id='word_1_206' title='bbox 933 3342 1018 3388; x_wconf 83' lang='lat' dir='ltr'><strong>conse</strong></span> <span class='ocrx_word' id='word_1_207' title='bbox 1032 3327 1141 3387; x_wconf 90' lang='lat' dir='ltr'><strong>dolores</strong></span> 
     </span>
     <span class='ocr_line' id='line_1_34' title="bbox 412 3415 1046 3491; baseline -0.005 -16"><span class='ocrx_word' id='word_1_208' title='bbox 412 3416 582 3491; x_wconf 83' lang='lat' dir='ltr'><strong>multiplices</strong></span> <span class='ocrx_word' id='word_1_209' title='bbox 596 3418 714 3491; x_wconf 80' lang='lat' dir='ltr'><strong>generet</strong></span> <span class='ocrx_word' id='word_1_210' title='bbox 728 3418 758 3474; x_wconf 88' lang='lat' dir='ltr'><strong>et</strong></span> <span class='ocrx_word' id='word_1_211' title='bbox 771 3431 834 3474; x_wconf 87' lang='lat' dir='ltr'><strong>mee</strong></span> <span class='ocrx_word' id='word_1_212' title='bbox 847 3416 931 3475; x_wconf 85' lang='lat' dir='ltr'><strong>eorde</strong></span> <span class='ocrx_word' id='word_1_213' title='bbox 944 3415 1046 3489; x_wconf 80' lang='lat' dir='ltr'><strong>quatit.</strong></span> 
     </span>
     <span class='ocr_line' id='line_1_35' title="bbox 359 3501 994 3578; baseline -0.005 -16"><span class='ocrx_word' id='word_1_214' title='bbox 359 3504 488 3578; x_wconf 86' lang='lat' dir='ltr'><strong>ceptinus</strong></span> <span class='ocrx_word' id='word_1_215' title='bbox 503 3503 591 3562; x_wconf 82' lang='lat' dir='ltr'><strong>eutrie</strong></span> <span class='ocrx_word' id='word_1_216' title='bbox 606 3505 710 3562; x_wconf 83' lang='lat' dir='ltr'><strong>extunc</strong></span> <span class='ocrx_word' id='word_1_217' title='bbox 723 3519 876 3577; x_wconf 77' lang='lat' dir='ltr'><strong>germanus</strong></span> <span class='ocrx_word' id='word_1_218' title='bbox 890 3501 921 3560; x_wconf 92' lang='lat' dir='ltr'><strong>in</strong></span> <span class='ocrx_word' id='word_1_219' title='bbox 936 3501 994 3560; x_wconf 90' lang='lat' dir='ltr'><strong>oris</strong></span> 
     </span>
     <span class='ocr_line' id='line_1_36' title="bbox 410 3588 1024 3663; baseline -0.005 -15"><span class='ocrx_word' id='word_1_220' title='bbox 410 3594 455 3649; x_wconf 88' lang='lat' dir='ltr'><strong>est</strong></span> <span class='ocrx_word' id='word_1_221' title='bbox 469 3607 557 3659; x_wconf 87' lang='lat' dir='ltr'><strong>mens,</strong></span> <span class='ocrx_word' id='word_1_222' title='bbox 572 3588 678 3648; x_wconf 84' lang='lat' dir='ltr'><strong>efflicte</strong></span> <span class='ocrx_word' id='word_1_223' title='bbox 692 3591 804 3663; x_wconf 86' lang='lat' dir='ltr'><strong>pectore</strong></span> <span class='ocrx_word' id='word_1_224' title='bbox 818 3589 912 3647; x_wconf 88' lang='lat' dir='ltr'><strong>nudus</strong></span> <span class='ocrx_word' id='word_1_225' title='bbox 927 3604 1024 3662; x_wconf 75' lang='lat' dir='ltr'><strong>egens</strong></span> 
     </span>
     <span class='ocr_line' id='line_1_37' title="bbox 359 3674 1075 3750; baseline -0.006 -15"><span class='ocrx_word' id='word_1_226' title='bbox 359 3677 436 3736; x_wconf 85' lang='lat' dir='ltr'><strong>illius</strong></span> <span class='ocrx_word' id='word_1_227' title='bbox 451 3677 482 3734; x_wconf 92' lang='lat' dir='ltr'><strong>in</strong></span> <span class='ocrx_word' id='word_1_228' title='bbox 496 3675 590 3750; x_wconf 81' lang='lat' dir='ltr'><strong>petria</strong></span> <span class='ocrx_word' id='word_1_229' title='bbox 604 3676 727 3735; x_wconf 85' lang='lat' dir='ltr'><strong>coniunx</strong></span> <span class='ocrx_word' id='word_1_230' title='bbox 741 3674 901 3734; x_wconf 79' lang='lat' dir='ltr'><strong>miserande</strong></span> <span class='ocrx_word' id='word_1_231' title='bbox 914 3691 965 3748; x_wconf 88' lang='lat' dir='ltr'><strong>por</strong></span> <span class='ocrx_word' id='word_1_232' title='bbox 978 3690 1075 3732; x_wconf 90' lang='lat' dir='ltr'><strong>omnes</strong></span> 
     </span>
     <span class='ocr_line' id='line_1_38' title="bbox 285 3759 987 3837; baseline 0 -19"><span class='ocrx_word' id='word_1_233' title='bbox 285 3771 318 3819; x_wconf 79' lang='grc' dir='ltr'><strong>ιο</strong></span> <span class='ocrx_word' id='word_1_234' title='bbox 410 3764 550 3823; x_wconf 87' lang='lat' dir='ltr'><strong>mendicet</strong></span> <span class='ocrx_word' id='word_1_235' title='bbox 564 3763 673 3837; x_wconf 76' lang='lat' dir='ltr'><strong>plateoe</strong></span> <span class='ocrx_word' id='word_1_236' title='bbox 687 3779 735 3820; x_wconf 92' lang='lat' dir='ltr'><strong>ore</strong></span> <span class='ocrx_word' id='word_1_237' title='bbox 749 3762 887 3820; x_wconf 86' lang='lat' dir='ltr'><strong>tremente</strong></span> <span class='ocrx_word' id='word_1_238' title='bbox 901 3759 987 3820; x_wconf 85' lang='lat' dir='ltr'><strong>cibos.</strong></span> 
     </span>
     <span class='ocr_line' id='line_1_39' title="bbox 359 3848 1041 3925; baseline -0.007 -16"><span class='ocrx_word' id='word_1_239' title='bbox 359 3852 493 3925; x_wconf 81' lang='lat' dir='ltr'><strong>quattuor</strong></span> <span class='ocrx_word' id='word_1_240' title='bbox 506 3850 560 3909; x_wconf 87' lang='lat' dir='ltr'><strong>hec</strong></span> <span class='ocrx_word' id='word_1_241' title='bbox 572 3848 651 3923; x_wconf 86' lang='lat' dir='ltr'><strong>turpi</strong></span> <span class='ocrx_word' id='word_1_242' title='bbox 665 3850 748 3908; x_wconf 83' lang='lat' dir='ltr'><strong>notos</strong></span> <span class='ocrx_word' id='word_1_243' title='bbox 762 3849 907 3907; x_wconf 81' lang='lat' dir='ltr'><strong>sustentet</strong></span> <span class='ocrx_word' id='word_1_244' title='bbox 921 3850 957 3906; x_wconf 82' lang='lat' dir='ltr'><strong>ab</strong></span> <span class='ocrx_word' id='word_1_245' title='bbox 970 3848 1041 3916; x_wconf 84' lang='lat' dir='ltr'><strong>erte,</strong></span> 
     </span>
    </p>
   </div>
   <div class='ocr_carea' id='block_1_5' title="bbox 198 4025 1272 4170">
    <p class='ocr_par' dir='ltr' id='par_1_5' title="bbox 198 4025 1272 4170">
     <span class='ocr_line' id='line_1_40' title="bbox 198 4025 879 4098; baseline -0.009 -13"><span class='ocrx_word' id='word_1_246' title='bbox 198 4031 248 4085; x_wconf 78' lang='lat'><strong>217</strong></span> <span class='ocrx_word' id='word_1_247' title='bbox 266 4025 316 4098; x_wconf 53' lang='lat' dir='ltr'><strong>r‘pde</strong></span> <span class='ocrx_word' id='word_1_248' title='bbox 332 4043 452 4082; x_wconf 87' lang='lat' dir='ltr'><strong>cecorum</strong></span> <span class='ocrx_word' id='word_1_249' title='bbox 471 4029 496 4083; x_wconf 82' lang='grc' dir='ltr'><em>Τ</em></span> <span class='ocrx_word' id='word_1_250' title='bbox 544 4027 595 4082; x_wconf 80' lang='lat'><strong>238</strong></span> <span class='ocrx_word' id='word_1_251' title='bbox 612 4027 715 4094; x_wconf 83' lang='lat' dir='ltr'><strong>tresque</strong></span> <span class='ocrx_word' id='word_1_252' title='bbox 732 4039 835 4094; x_wconf 85' lang='lat' dir='ltr'><strong>quoque</strong></span> <span class='ocrx_word' id='word_1_253' title='bbox 854 4025 879 4079; x_wconf 86' lang='grc' dir='ltr'><em>Τ</em></span> 
     </span>
     <span class='ocr_line' id='line_1_41' title="bbox 199 4104 1272 4170; baseline -0.008 -1"><span class='ocrx_word' id='word_1_254' title='bbox 199 4113 263 4169; x_wconf 90' lang='lat'>1111.</span> <span class='ocrx_word' id='word_1_255' title='bbox 283 4117 312 4169; x_wconf 82' lang='grc' dir='ltr'><strong>Τ.</strong></span> <span class='ocrx_word' id='word_1_256' title='bbox 326 4145 358 4154; x_wconf 98' lang='grc'>-</span> <span class='ocrx_word' id='word_1_257' title='bbox 372 4115 412 4170; x_wconf 87' lang='lat' dir='ltr'><strong>De</strong></span> <span class='ocrx_word' id='word_1_258' title='bbox 424 4113 574 4170; x_wconf 87' lang='lat' dir='ltr'><strong>domesticis</strong></span> <span class='ocrx_word' id='word_1_259' title='bbox 591 4112 645 4166; x_wconf 86' lang='lat' dir='ltr'><strong>suis</strong></span> <span class='ocrx_word' id='word_1_260' title='bbox 663 4110 856 4166; x_wconf 75' lang='lat' dir='ltr'><strong>calamitatibus</strong></span> <span class='ocrx_word' id='word_1_261' title='bbox 867 4111 948 4166; x_wconf 69' lang='lat' dir='ltr'><strong>iecor.</strong></span> <span class='ocrx_word' id='word_1_262' title='bbox 961 4109 1024 4165; x_wconf 82' lang='lat' dir='ltr'><strong>Mai</strong></span> <span class='ocrx_word' id='word_1_263' title='bbox 1074 4109 1090 4162; x_wconf 87' lang='lat'><strong>9</strong></span> <span class='ocrx_word' id='word_1_264' title='bbox 1103 4104 1197 4160; x_wconf 87' lang='lat' dir='ltr'><strong>coniux</strong></span> <span class='ocrx_word' id='word_1_265' title='bbox 1207 4105 1272 4160; x_wconf 82' lang='lat' dir='ltr'><strong>Mei</strong></span> 
     </span>
    </p>
   </div>
   <div class='ocr_carea' id='block_1_6' title="bbox 158 4194 556 4297">
    <p class='ocr_par' dir='ltr' id='par_1_6' title="bbox 158 4194 556 4297">
     <span class='ocr_line' id='line_1_42' title="bbox 158 4194 556 4297; baseline -0.008 -13"><span class='ocrx_word' id='word_1_266' title='bbox 158 4230 190 4284; x_wconf 86' lang='grc' dir='ltr'><strong>ιο</strong></span> <span class='ocrx_word' id='word_1_267' title='bbox 206 4194 334 4297; x_wconf 71' lang='lat' dir='ltr'><strong>metu</strong></span> <span class='ocrx_word' id='word_1_268' title='bbox 382 4227 556 4281; x_wconf 73' lang='lat' dir='ltr'><strong>trementer</strong></span> 
     </span>
    </p>
   </div>
   <div class='ocr_carea' id='block_1_7' title="bbox 0 0 1466 4664">
    <p class='ocr_par' dir='ltr' id='par_1_7' title="bbox 0 0 1466 4664">
     <span class='ocr_line' id='line_1_43' title="bbox 0 0 1466 4664; baseline 0 0"><span class='ocrx_word' id='word_1_269' title='bbox 0 0 1466 4664; x_wconf 95' lang='lat' dir='ltr'><strong> </strong></span> 
     </span>
    </p>
   </div>
  </div>
 </body>
</html>
