2918 4664
153 235 215 300 306
481 252 506 305 S.
520 251 648 306 Paulini
666 252 692 306 N
697 252 784 306 oleni
802 253 945 322 episcopi

254 426 352 511 Surge
374 427 469 511 igitur
490 427 664 509 blandoque
686 446 792 492 meum
814 429 980 511 spiramine
1001 432 1108 512 peetus

256 531 424 615 ingredere,
448 549 465 594 o
488 531 573 595 Felix
595 535 682 614 pater
705 535 735 596 et
757 532 880 596 domine
903 536 994 614 atque
1015 537 1152 616 patrone,

256 639 290 699 tu
313 634 421 699 domus
444 639 475 700 et
496 634 650 700 medicine
670 636 746 700 mihi
768 641 798 700 et
820 636 981 719 sapientie,
1004 636 1101 712 Felix;

197 749 235 803 10
258 742 291 803 tu
313 757 395 803 nuno
417 739 561 804 obtusam
585 739 662 804 mihi
683 740 776 823 longa
796 759 851 823 per
873 741 936 805 otia
958 745 1095 805 mentem

258 861 379 925 exacue,
402 844 499 927 ignito
521 847 670 927 uegetane
693 862 762 908 mee
783 845 901 909 lunrine
923 844 1022 910 eorde.

613 1023 617 1027 .
620 1022 814 1029 .—--.-..-.-.

258 1154 316 1220 Sed
340 1155 414 1219 mihi
438 1173 498 1220 non
521 1156 580 1220 isio
604 1157 778 1221 fundendus
801 1157 831 1221 in
854 1175 984 1239 aequore
1007 1175 1108 1222 sermo
1131 1161 1189 1239 est,

258 1263 292 1323 ut
313 1279 368 1342 per
391 1264 567 1324 sanctorum
590 1261 700 1325 merita
722 1265 775 1325 eut
797 1261 945 1325 miraeule
966 1279 1088 1325 ourram

258 1367 288 1426 ei
311 1381 389 1444 quae
411 1383 466 1446 per
488 1369 611 1428 sanctos
634 1382 741 1429 omnes
764 1365 802 1428 ab
826 1365 941 1447 origine
963 1383 1066 1429 rerum

198 1475 235 1530 15
259 1471 396 1550 praestat
418 1469 543 1551 agitque
566 1468 639 1533 deus
662 1488 755 1534 uersu
778 1469 919 1533 detexere
942 1487 1041 1549 coner,

259 1589 336 1652 quee
359 1590 416 1635 nee
438 1591 526 1637 meus
548 1572 686 1638 humane
707 1573 790 1657 oepit
812 1591 870 1637 nee
892 1573 999 1656 lingua
1019 1573 1143 1655 profari.

260 1676 385 1756 etquid
407 1676 439 1740 in
461 1676 519 1741 hoe
541 1676 665 1758 mirum,
688 1677 714 1742 ei
736 1677 844 1741 eherte
864 1677 1021 1741 uolumine
1044 1680 1108 1741 toto

259 1798 320 1844 non
343 1779 444 1862 capiat
465 1798 544 1862 quae
565 1798 622 1845 nee
644 1780 777 1845 mundus
800 1781 882 1870 oepit
903 1782 1007 1847 ornnie
1028 1783 1134 1844 totus?

262 1883 358 1948 maior
381 1883 464 1948 enirn
485 1882 627 1969 (mundo)
648 1885 756 1949 mundi
780 1889 870 1965 sator,
893 1885 958 1968 ipse
981 1885 1056 1948 deus
1078 1903 1140 1965 rex,

198 1997 236 2052 20
260 1988 313 2069 qui
335 1991 450 2052 terrem
473 1989 653 2070 coelumque
674 1989 796 2071 implet3
819 2008 912 2070 quern
935 2007 995 2054 nou
1019 1989 1101 2071 oepit
1122 1989 1181 2052 iste

258 2090 402 2172 mundus,
426 2109 497 2155 eum
519 2091 644 2173 eupiunt
666 2093 775 2172 saneti,
798 2109 860 2156 non
883 2093 1018 2176 eorporis
1041 2093 1155 2176 amplo,

260 2195 314 2260 sed
335 2194 450 2278 pietate
472 2195 605 2260 humiles
628 2199 660 2260 et
681 2197 796 2260 mundo
819 2197 908 2261 eorde
934 2215 1071 2280 eapeoes.

616 2368 817 2380 d—-s-—n——n-

258 2504 350 2576 Nune
370 2505 475 2590 iieque
497 2509 533 2571 ut
554 2507 659 2571 diuina
681 2507 743 2572 rnei
764 2507 842 2572 bene
864 2511 953 2592 geste
973 2509 1096 2590 patroni

261 2609 372 2675 Felicis
394 2609 527 2675 referem
550 2611 600 2675 uel
622 2629 702 2693 quae
724 2610 801 2674 rnihi
824 2612 985 2676 commode
1006 2612 1090 2675 uitae
1158 2679 1160 2681 ,

199 2720 238 2776 25
261 2713 425 2783 eontulerit
446 2715 497 2778 uel
520 2731 598 2796 quae
621 2714 728 2778 multis
750 2731 807 2797 ope
830 2714 938 2779 eeelite
961 2717 1122 2796 praestans

260 2817 439 2883 muneribus
462 2817 600 2883 conferre
622 2818 680 2900 piis
703 2835 764 2882 non
787 2819 899 2890 desinit
920 2818 1004 2882 omni

259 2938 357 3005 paene
379 2921 437 3002 die,
460 2921 554 2985 uariis
577 2922 715 2986 tribuens
737 2923 789 3004 pia
811 2939 940 2986 munera
963 2923 1069 3004 siguis,

261 3023 418 3090 christum
437 3024 554 3088 laudari
579 3026 757 3090 meritorum
777 3025 914 3107 postulet
936 3026 1021 3099 ordo;
1143 3023 1144 3026 ’

260 3146 322 3193 non
344 3128 500 3193 hominem
524 3129 578 3192 sed
600 3147 671 3192 eum
693 3129 794 3213 potius
816 3129 941 3193 laudere
963 3128 1099 3210 uidebor,

202 3241 241 3298 30
264 3250 324 3314 quo
347 3232 432 3296 Felix
455 3236 579 3298 auctore
600 3236 710 3315 potens
731 3231 907 3298 uenerabile
929 3250 1043 3297 nomen

261 3336 380 3418 optinet
402 3340 433 3400 et
450 3330 589 3400 medieas
612 3335 666 3400 det
687 3354 770 3418 opes,
793 3334 903 3418 quibus
925 3354 1019 3420 aegre
1040 3336 1148 3401 reuisit

262 3457 388 3522 eorpore
410 3440 609 3523 oeptiuesque
632 3439 751 3517 enimes
773 3440 806 3504 ui
828 3439 986 3504 daemonis
1009 3441 1066 3504 etri

261 3543 397 3609 absoluit
418 3546 582 3627 superante
605 3543 670 3607 deo.
693 3543 750 3607 nee
771 3545 803 3608 in
825 3544 883 3608 hee
905 3562 962 3627 ope
985 3547 1105 3608 tentum

263 3647 426 3712 munificus
449 3647 532 3722 Felix
555 3649 698 3729 operatur
719 3665 849 3712 munera
870 3646 984 3712 (lhristi

202 3757 240 3814 35
264 3755 295 3816 ei
318 3752 354 3815 de
377 3752 500 3835 uipereo
522 3751 708 3815 fortissimus
731 3751 820 3816 hoste
841 3751 1021 3833 triumphat..

198 4014 235 4066 ⁴ll·
255 4011 344 4080 eorde]
363 4011 433 4065 idern
452 4011 478 4063 in
497 4009 588 4065 rodem
609 4011 672 4083 add.
691 4012 716 4060 A
785 4011 816 4064 12
839 4007 981 4061 fundendis
1003 4011 1028 4060 Δ
1098 4010 1128 4062 15
1145 4011 1280 4076 pertexere

161 4098 234 4152 Μαν.
306 4099 337 4153 19
359 4096 458 4150 mundo
481 4097 544 4150 edd.
563 4097 634 4150 Mur.
704 4097 737 4150 22
759 4093 878 4163 eriperes]
905 4093 973 4147 idenr
1002 4095 1028 4148 iu
1055 4092 1145 4146 eodem
1172 4094 1236 4148 add.
1255 4098 1280 4146 Δ

160 4183 192 4240 27
211 4197 292 4254 poene
310 4186 346 4242 Α,
