2918 4664
502 346 627 385 curmen
644 328 739 394 ml,
751 330 894 386 lot-oio.

345 504 454 589 gratia,
477 505 503 570 si
526 503 643 569 meritis
665 501 866 585 adtribuatur,
889 503 957 583 orit,

194 615 253 671 216
299 609 343 674 sio
366 612 397 673 et
417 608 503 673 nulla
524 607 600 673 tides
622 606 682 672 uisi
704 623 782 689 quaa
804 606 884 688 quod
906 624 968 671 non
990 606 1075 671 uidet
1095 606 1172 670 illud

347 711 443 777 credit
464 716 495 776 et
515 715 673 776 aeternam
696 729 750 794 spe
771 709 847 774 duce
869 729 935 775 rem
958 711 1103 793 seqnitur.

295 816 441 880 mortales
463 815 577 896 miseri,
600 815 763 897 querulum
784 832 891 897 genus,
913 813 1007 895 impia
1030 814 1154 878 tandem

347 923 470 1002 pectora
492 919 616 982 mollitis
639 916 794 982 mentibus
817 917 925 981 exuite.

296 1023 372 1087 heu!
395 1040 538 1105 quonam,
560 1039 675 1105 precor,
698 1039 794 1103 usque
815 1021 902 1104 graui
924 1021 1083 1085 mendacia
1104 1020 1193 1084 corde

195 1134 254 1190 220
350 1126 496 1209 quaeritis
519 1129 550 1192 et
571 1124 643 1189 uani
665 1124 784 1189 lubrica
805 1123 951 1207 diligitis?

297 1233 484 1294 commutate
506 1229 582 1308 uias¹
607 1228 770 1311 dirumpite
792 1227 917 1292 uincula
938 1228 1044 1292 mortis

350 1336 380 1397 et
402 1332 472 1397 date
493 1331 649 1415 praedulci
670 1331 767 1396 libera
788 1331 866 1396 oolla
887 1331 968 1415 iugo.

298 1436 408 1500 sumite
432 1436 550 1500 diuinas
572 1454 627 1519 pro
649 1435 791 1502 libertate
813 1436 947 1515 catenae,

349 1539 475 1604 crirniue
498 1558 575 1621 quac
598 1540 723 1603 coruunt
744 1541 776 1603 ot
795 1537 911 1621 pietate
933 1538 1040 1621 ligant.

197 1650 256 1704 225
300 1642 352 1723 qui
374 1643 509 1725 sequeris
530 1642 683 1722 tenebras,
706 1641 738 1706 in
760 1644 863 1723 aperto
885 1642 962 1705 lucis
985 1641 1118 1721 obortae,

217 1744 220 1754 '
350 1750 381 1811 et
402 1747 456 1828 qui
473 1750 567 1811 nocte
589 1746 684 1826 uides,
706 1744 823 1810 lumine
845 1763 953 1809 caeous
975 1745 1051 1828 agis.

299 1867 371 1935 ergo
393 1850 496 1916 oculos
519 1849 633 1915 mentis
655 1848 776 1915 Christo
796 1866 968 1913 reseremus
991 1852 1022 1913 et
1043 1866 1142 1929 aureo,

348 1956 384 2019 ut
405 1971 493 2019 mens
515 1956 639 2036 peccato
661 1953 766 2017 clausa
787 1952 843 2017 deo
864 1955 978 2034 pateat.

298 2073 432 2139 namque
453 2059 485 2122 ot
506 2056 655 2139 corporeis
677 2072 734 2121 sua
754 2056 817 2119 ium
838 2056 990 2138 promissa
1010 2056 1129 2119 reuelat

195 2167 256 2221 ‘230
350 2159 468 2224 nisibus
490 2162 522 2224 et
543 2159 633 2224 oloris
655 2162 808 2224 monstrat
829 2162 935 2242 operta
957 2159 1041 2223 deus.

299 2265 409 2327 cuncta
428 2263 609 2347 resurgendi
630 2263 740 2327 faciem
762 2262 949 2326 meditantur
970 2261 1002 2325 iu
1025 2262 1107 2326 omni

349 2383 473 2448 corpore
495 2370 526 2430 et
548 2367 581 2431 in
602 2367 691 2431 terris
712 2367 852 2450 germina
873 2369 904 2430 et
924 2369 1008 2429 ostro
1029 2366 1107 2447 polo.

300 2472 404 2534 noctes
427 2472 519 2551 atque
541 2470 616 2550 dies,
638 2473 722 2534 ortus
744 2468 903 2550 obitusque
926 2468 1063 2533 uicissim

350 2573 517 2647 alterdaut3
541 2573 653 2638 morior
675 2576 774 2652 nocte,
796 2589 921 2655 resurgo
944 2572 1001 2636 die.

197 2681 257 2737 ooo
302 2674 418 2740 dormio
441 2693 601 2760 corporeae
623 2676 741 2758 sopitus
762 2675 896 2758 imagine
918 2675 1037 2754 mortis,

351 2778 464 2845 excitor
486 2797 504 2844 a
525 2795 633 2844 somno
655 2778 736 2844 sicut
757 2776 795 2842 ab
817 2777 952 2843 interitu.

300 2881 374 2963 quid
389 2885 466 2965 sata,
481 2881 555 2965 quid
568 2881 691 2946 frondes
706 2899 876 2960 uemomm
892 2881 966 2963 quid
976 2883 1135 2964 tempora?
1150 2898 1259 2962 nempe

351 2983 470 3068 legibus
492 2985 540 3050 his
562 2984 678 3050 obeunt
698 2984 801 3049 omnia
823 2984 873 3048 uel
894 2984 1032 3049 redeunt.

301 3075 568 3172 uere'resurgenti
590 3089 709 3154 eunctis
731 3105 813 3153 noua
833 3087 924 3152 rebus
947 3087 1050 3172 imago

200 3199 259 3254 240
353 3195 422 3274 port
443 3192 555 3257 hiemis
577 3195 710 3257 mortem
731 3192 888 3257 uiuificata
908 3192 996 3258 rodit.

302 3295 382 3377 quod
403 3296 500 3361 semel
522 3300 570 3361 est
591 3297 725 3360 facimus
748 3295 850 3376 homo,
872 3296 921 3359 eui
943 3294 1067 3360 subdita
1087 3293 1192 3358 mundi

353 3409 487 3481 corporo,
510 3400 566 3464 sub
589 3399 673 3464 caoio
695 3402 806 3463 cuncta
826 3399 1001 3480 frequenter
1023 3401 1126 3482 agunt.

253 3611 449 3681 crepuere.

194 3812 245 3866 216
262 3811 411 3866 aeternat*
458 3812 508 3867 219
524 3809 693 3883 qudiuami'
739 3814 790 3869 220
807 3813 914 3867 uunaB
965 3809 1077 3880 lubrica]
1095 3812 1126 3866 in
1142 3827 1192 3882 cap.
1205 3813 1262 3867 cuir.

156 3897 189 3952 T:
211 3895 237 3951 ad
257 3895 359 3952 ludicra
425 3898 474 3953 221
498 3895 652 3967 duumpite
674 3898 747 3955 BOo
814 3899 865 3954 222
886 3900 913 3952 et
933 3896 985 3951 late
1007 3898 1034 3953 B
1102 3899 1153 3957 224
1174 3896 1263 3965 quiB

152 3983 204 4052 226
220 3983 266 4051 qui
284 3985 315 4051 T,
331 3983 393 4052 quia
409 3983 491 4040 BOo·
543 3984 676 4041 oaatnsO
733 3986 784 4040 228
801 3983 842 4052 ut]
861 3986 888 4038 et
905 3985 932 4038 B
991 3986 1041 4039 229
1059 3997 1171 4051 namque
1189 3987 1216 4037 et
1234 3985 1263 4051 Τ,

155 4081 265 4138 namque
286 4069 348 4135 Bo,
369 4085 431 4123 nam
448 4084 551 4138 quaec
635 4068 739 4125 reuelot.
756 4071 792 4124 T¹
877 4072 927 4126 232
953 4068 1082 4137 germinet
1105 4070 1142 4135 (et
1158 4070 1219 4135 our.)
1237 4070 1264 4123 B

154 4157 204 4211 235
221 4155 324 4225 mortis]
343 4155 426 4210 noctm
445 4157 471 4211 2
516 4157 567 4212 237
584 4157 631 4212 uit.
650 4155 713 4225 quid
729 4158 757 4212 B
773 4175 794 4213 o.
808 4158 823 4211 i.
837 4159 901 4212 m.3
956 4157 1007 4214 238
1023 4155 1076 4226 his]
1094 4154 1178 4209 isdem
1195 4158 1263 4214 coni.

155 4242 329 4298 Zeotraoister
352 4300 356 4311 ,
379 4244 429 4298 239
447 4243 593 4311 resurgenti
611 4245 641 4312 T,
658 4246 840 4311 resurgentum
858 4242 932 4299 BOo
981 4243 1032 4298 242
1049 4257 1171 4311 corporea
1191 4243 1214 4298 0
