2918 4664
450 306 615 376 appendix.
634 322 759 360 carmen
776 305 828 378 111,
840 308 965 364 62-141,
995 372 998 376 Α
1204 290 1267 355 353

314 489 316 493 ’
405 485 549 544 incautum
564 484 652 544 uariis
667 485 776 545 artibus
791 484 925 559 exagitat,

355 571 452 630 auditu
467 571 532 631 nisu
547 574 634 647 gustu
649 573 782 645 tactuque
796 571 942 645 placentes

405 658 529 718 obiciens
544 675 653 733 semper
667 657 785 717 callidus
800 658 956 728 illecebras,

263 752 311 801 rot
354 747 396 816 ut,
411 761 477 819 pars
493 745 516 803 si
532 762 588 819 qua
601 744 672 805 meis
686 744 817 804 membris
832 745 903 803 male
918 744 999 802 firme
1012 743 1135 815 uacillet,

404 849 454 890 ceu
469 832 597 906 petulum
610 831 751 906 populans
765 831 854 890 intret
869 831 941 890 ouile
957 831 1041 905 lupus

355 920 383 976 et
397 918 439 977 leo
455 917 571 978 secretis
585 917 701 992 rapidus
714 919 879 992 prorumpat
894 920 929 977 eb
945 917 1048 988 antris,

404 1003 605 1063 incustoditum
621 1003 645 1063 si
659 1004 739 1078 patet
753 1003 794 1062 ire
808 1020 904 1077 pecus.

355 1091 401 1148 sell
417 1092 459 1161 tu,
476 1091 573 1149 sancte
587 1092 666 1162 deus,
682 1107 784 1149 sensus
800 1090 825 1149 si
840 1093 927 1150 uerba
941 1090 1097 1164 loquuntur

261 1183 310 1230 110
405 1179 434 1236 et
448 1193 506 1236 non
522 1193 602 1235 mens
617 1176 703 1248 uliud,
719 1175 819 1251 lingna
833 1175 910 1235 aliud
924 1175 1058 1250 loquitur,

354 1262 492 1323 sollicitus
507 1262 625 1337 cupidus
639 1264 757 1323 deuotus
772 1264 883 1341 pectore
899 1264 927 1321 et
941 1278 988 1322 oro

404 1349 499 1425 pulso;
514 1351 611 1423 patere
625 1348 700 1421 iube,
715 1350 760 1421 da,
775 1350 840 1423 peto
855 1366 968 1424 quaero,
984 1349 1060 1421 (loce,

354 1451 411 1509 que
424 1434 468 1494 fus
484 1452 594 1510 quaque
608 1435 686 1510 pium
700 1438 745 1494 est
759 1435 904 1494 mortalem
918 1451 1043 1507 noscere,
1058 1451 1142 1509 qnam
1156 1433 1198 1493 sis

405 1521 579 1596 supplicibus
593 1520 686 1581 facilis
700 1525 804 1596 quotue
818 1521 957 1595 quibusuo
970 1521 1068 1581 modis.

263 1613 311 1662 ruo
354 1608 475 1681 peccatis
490 1608 605 1683 ignosco
619 1607 703 1678 mois3
720 1606 872 1669 leuioribus
887 1611 952 1667 utor

405 1711 489 1768 quem
504 1694 563 1753 siut
577 1693 715 1754 factorum
729 1695 854 1770 pondera
868 1693 1041 1754 nominibus.

354 1779 520 1841 criminibus
534 1781 649 1856 ignosce
663 1781 769 1856 magis;
785 1780 841 1839 iam
856 1780 962 1840 sentiat
976 1780 1038 1855 ipso

405 1884 476 1941 qnae
490 1866 559 1926 mibi
573 1867 688 1927 molitur
701 1867 760 1926 tela
773 1865 873 1926 furens
888 1866 1011 1938 coluber,

354 1955 437 2027 atque
452 1971 503 2027 per·
516 1953 680 2013 innumeros
695 1953 767 2012 escis
782 1951 948 2014 fallentibus
962 1953 1060 2013 hamos

258 2045 308 2094 120
402 2040 543 2113 captiuum
558 2043 686 2112 teneant,
702 2040 742 2100 sic
756 2057 834 2116 rogo,
851 2056 922 2115 quae
938 2057 989 2100 suu
1003 2042 1081 2100 sunt.

359 2143 416 2186 non
431 2143 531 2185 nurum
544 2143 723 2201 gemmasque
737 2126 832 2199 uelim,
847 2144 905 2186 non
920 2126 990 2185 ditia
1003 2143 1102 2201 regum

317 2223 319 2227 ’
407 2229 497 2288 regna
510 2230 563 2273 nec
577 2213 728 2273 immensas
743 2230 814 2288 quas
828 2213 913 2272 babet
927 2212 1003 2272 orbis
1017 2229 1094 2292 opes,

354 2316 412 2358 non
426 2301 460 2358 ut
473 2300 607 2359 densatos
621 2298 713 2359 fasces
729 2317 885 2375 curuasque
901 2315 1013 2358 secures

403 2402 476 2460 pono
490 2402 593 2460 sequar
607 2386 690 2446 celsis
705 2386 920 2460 conspiciendus
935 2384 1024 2459 equis,

267 2477 315 2526 125
358 2489 417 2531 non
431 2473 464 2530 ut
479 2471 611 2546 seruandi
626 2472 742 2548 signent
756 2489 818 2531 mea
832 2471 947 2531 nomina
960 2469 1054 2531 fastus

403 2560 541 2631 turbaque
556 2557 692 2618 nobilium
706 2558 805 2617 limina
820 2560 918 2616 nostra
931 2559 1015 2628 terat,

353 2660 412 2704 non
426 2646 459 2702 ut
474 2643 515 2703 sic
530 2644 630 2703 saltem
646 2647 780 2718 subrepet
794 2644 899 2704 blande
912 2642 1058 2718 uoluptas3

405 2730 454 2789 sed
468 2729 536 2788 mibi
551 2733 684 2793 contento
699 2732 772 2805 quod
787 2729 858 2791 satis
873 2732 918 2790 est
931 2730 1057 2789 habeam.

353 2833 412 2875 non
427 2816 543 2891 longum
556 2816 632 2878 uitae
647 2833 770 2889 cursum,
785 2833 844 2876 non
858 2816 961 2891 1111111
974 2832 1078 2891 quaero

263 2908 311 2957 130
405 2903 545 2977 corporeis
559 2901 677 2962 nimium
691 2919 816 2978 congrua
830 2901 947 2974 deliciis,

353 2987 481 3048 hibernis
494 2991 585 3048 totum
600 2989 685 3049 citius
700 3007 762 3048 cum
777 2991 906 3048 transeut
919 2988 1027 3048 umbris

405 3074 521 3136 floribus
534 3077 573 3147 et,
588 3075 673 3150 rigidi
688 3092 759 3150 quos
773 3075 977 3150 rapuerenoti.

353 3161 385 3219 in
399 3161 463 3236 quis
477 3162 539 3221 uita
553 3161 658 3234 breuis,
672 3165 737 3236 post
752 3165 868 3223 mortem
883 3178 974 3236 poena
988 3161 1132 3236 perennis.

404 3248 497 3321 ipsum
512 3264 542 3306 se
557 3249 672 3307 damnet
686 3247 736 3322 qui
749 3249 876 3324 periture
890 3250 980 3324 rogat.

264 3339 312 3389 1³5
356 3335 392 3392 de
405 3334 500 3408 potius
516 3351 618 3393 sensus
633 3334 745 3408 dociles,
761 3336 797 3394 11
810 3335 919 3394 lumina
932 3334 1031 3406 menti,

405 3422 440 3479 de
453 3422 571 3482 mortem
585 3420 717 3480 membris
732 3438 803 3495 quae
817 3421 961 3496 perimunt
974 3420 1107 3480 animam.

354 3505 465 3565 instrue
480 3507 641 3578 sollicitum,
657 3509 793 3566 nutantes
809 3507 897 3582 dirige
912 3524 1038 3582 gressus,

405 3593 530 3653 credenti
543 3594 657 3668 plenem
671 3593 781 3667 plenior
795 3595 864 3653 adde
878 3593 968 3654 fidem.

355 3679 394 3738 sit
408 3680 477 3739 mibi
491 3680 618 3739 iustitiae
634 3680 767 3751 studium,
781 3680 907 3741 custodia
922 3679 992 3751 ueri,

264 3774 313 3822 140
406 3766 445 3826 sit
459 3784 560 3840 purum
575 3784 685 3841 corpus,
701 3766 740 3827 sit
754 3766 816 3827 sine
830 3767 892 3826 labe
907 3767 1029 3837 animus,

355 3853 520 3927 simplicitas
534 3853 661 3928 probitas
676 3853 824 3928 patientia,
839 3870 920 3912 mens
936 3853 990 3913 sibi
1005 3851 1075 3911 recti

196 4059 244 4112 105
262 4055 338 4110 firme
355 4055 461 4110 uacillet
478 4058 547 4124 Mai,
565 4056 619 4110 fida
635 4055 742 4111 bacillet
760 4058 785 4112 Τ
852 4059 900 4112 109
918 4071 1009 4109 seusus
1026 4054 1131 4125 scripsi,
1149 4069 1227 4107 sensu
1246 4054 1271 4108 T

153 4144 204 4199 116
221 4145 283 4196 sunt
299 4144 361 4212 fert.
414 4145 463 4199 119
482 4145 676 4213 atoueecs'pei,
695 4144 811 4211 sequel'
861 4145 910 4198 125
928 4141 1102 4196 semendisl'
1150 4140 1271 4195 leetosT

154 4231 203 4284 130
221 4228 318 4283 delitiis
337 4231 362 4284 Τ
411 4231 460 4285 132
477 4229 552 4284 nothi
572 4231 598 4285 T
646 4231 696 4286 133
713 4229 852 4299 perhennis
872 4230 897 4284 Τ

203 4323 524 4366 summasunmna-mma
1082 4318 1115 4367 23
