2918 4664
484 298 511 354 S.
524 299 653 354 Paulini
671 300 789 355 Nolani
806 301 949 370 episcopi

310 485 370 541 825
414 477 533 543 chenus
555 479 591 542 ct
611 476 654 542 sit
675 476 791 542 saeculi
812 476 944 562 negotiis

462 581 602 647 caelestis
625 581 711 648 urbis
731 582 840 647 incola.

408 686 440 750 in
463 704 554 751 carne
576 686 684 751 uiuens
706 687 773 752 nita
794 687 895 751 carnis
918 687 1020 752 exulat

460 791 493 856 in
514 792 583 875 lege
605 790 719 855 montis
741 788 905 856 ambulans

409 897 567 978 miamque
588 895 676 979 regni
698 894 804 960 crediti
826 897 940 960 terram
962 894 1022 961 sibi

307 1007 367 1063 830
461 1001 605 1084 peragret
626 998 767 1064 inlibris
790 999 894 1064 sacris.

410 1107 441 1168 et
463 1104 542 1169 sicut
562 1103 614 1168 ille
636 1103 684 1167 uir
705 1102 752 1168 dei
774 1102 885 1186 Ioseph
907 1102 976 1187 pius

458 1207 676 1291 Memphiticos
698 1207 776 1272 fines
802 1206 866 1273 obit

408 1315 440 1376 et
461 1311 617 1396 ampliatis
639 1311 754 1377 horreis
777 1313 874 1377 laetas
896 1330 969 1396 opes

458 1416 654 1481 fecunditatis
678 1434 856 1502 congerens,

306 1527 366 1584 885
412 1520 633 1585 exuberantum
656 1521 742 1585 dines
764 1538 915 1586 annorum
936 1519 1025 1586 bonis

456 1624 558 1689 ieiuna
579 1625 666 1708 pauit
686 1628 839 1709 tempora:

409 1729 453 1792 sic
474 1729 531 1793 iste
554 1732 659 1794 noster
680 1730 712 1794 in
735 1730 863 1795 sacratis
885 1730 994 1794 litteris

458 1833 652 1916 perambulet
673 1851 803 1918 regnum
828 1832 884 1898 dei.

408 1936 558 2020 scriptura
579 1954 712 2019 namque
735 1940 841 2002 sancto
863 1936 937 2002 flata
958 1939 1067 2021 spiriru

307 2048 367 2102 840
461 2041 549 2124 regni
570 2041 712 2124 perennis
735 2043 835 2107 mater
857 2044 914 2122 est,

409 2144 519 2209 eliste
542 2163 615 2209 eura
637 2145 767 2229 spiritali
787 2145 955 2228 prouidens

459 2251 558 2313 struat
579 2249 684 2333 ampla
705 2251 817 2314 mentis
839 2250 957 2331 horrea,

407 2356 442 2417 ut
463 2350 592 2418 01181800
614 2354 701 2439 larga
722 2353 804 2418 uitae
825 2354 960 2437 perpetis

458 2456 605 2522 alimenta
626 2457 738 2523 condat
759 2462 895 2542 pectore;

304 2569 363 2625 845
408 2564 532 2625 etcum
553 2560 642 2626 uitali
663 2561 792 2626 diuitem
813 2561 988 2626 substantia

456 2665 617 2748 perfecerit
637 2667 752 2730 terram
774 2683 873 2747 suam,

408 2771 482 2834 tuno
503 2771 548 2850 tu,
570 2773 606 2833 ut
626 2768 737 2834 hnaris
759 2767 815 2834 filii
837 2769 982 2853 potentia,

458 2875 618 2955 tamquam
639 2873 736 2938 Israel
758 2873 818 2937 ibis
840 2891 932 2938 senex

408 2979 438 3040 et
459 2976 598 3042 introibis
620 2978 720 3042 laetus
742 2978 840 3042 accito
862 2977 953 3042 simul

306 3087 367 3142 850
461 3081 653 3165 cognationis
675 3080 807 3166 agmine.

407 3187 573 3268 pascetque
596 3187 687 3250 natus
708 3184 742 3250 in
764 3185 854 3250 domo
875 3185 957 3269 regis
979 3189 1065 3251 tuam

457 3288 552 3372 partis
575 3292 732 3354 senectam
753 3287 896 3373 panibus,

407 3395 442 3457 ut
464 3393 567 3477 pullus
590 3394 711 3476 aquilae
733 3393 843 3458 dicitur
864 3412 1023 3476 repascere

457 3514 530 3561 eura
550 3502 693 3579 parentes
715 3501 833 3577 mutua,

304 3607 364 3663 855
409 3618 485 3683 quos
508 3601 556 3665 uis
579 3605 721 3666 senectae
742 3620 849 3666 rursus
871 3602 1023 3685 inplumes
1045 3602 1121 3666 facit

198 3895 353 3954 821888181
370 3896 455 3950 carnis
471 3896 515 3950 uia
532 3897 598 3953 coni.
614 3897 787 3952 Zecbmeietar·
864 3898 913 3952 831
933 3895 964 3950 de
982 3898 1009 3952 B
1085 3895 1143 3950 deic
1161 3896 1274 3966 sephO

153 3985 203 4041 882
221 3982 404 4053 memphiticos
421 4002 445 4051 c,
467 3982 626 4037 memsiticos
645 3983 680 4050 B,
704 3998 778 4037 mens
799 3981 885 4036 illicce
906 3983 929 4039 0
1013 3985 1063 4039 840
1083 3982 1226 4051 perhennis
1243 3985 1273 4040 B

152 4072 204 4128 848
219 4069 334 4140 perpetis
350 4088 375 4138 c,
392 4072 511 4140 perpetes
528 4069 581 4126 ΒΟ
666 4071 716 4126 847
734 4071 764 4124 tu
781 4069 919 4123 instruaris
936 4070 963 4124 B
1048 4068 1275 4136 liliic,fl1iBO

152 4159 203 4214 848
220 4156 330 4211 istrahel
351 4157 374 4213 0
424 4158 474 4212 850
492 4155 593 4210 comino
612 4157 639 4211 B
692 4155 842 4224 stupueris
860 4157 927 4213 coci.
940 4157 1073 4226 11088808,
1090 4155 1183 4210 fartim
1201 4160 1273 4213 coni.

154 4243 289 4300 Caudrius
340 4243 391 4300 854
407 4244 528 4312 parentes
545 4261 569 4307 o,
586 4242 702 4312 parentis
719 4242 773 4299 ΒΟ
