2918 4664
558 264 583 317 S.
596 264 727 319 Paulini
743 264 860 319 Nolani
878 266 1022 335 episcopi

331 438 384 501 sed
405 437 526 502 licitum
548 438 669 521 magnis
691 440 800 503 tenues
822 438 986 521 inpendere
1008 457 1106 519 curas,

301 605 304 611 ,
331 559 387 605 nec
409 541 615 624 dedignantur
637 541 731 605 uilem
754 541 900 606 caelestia
920 542 1053 607 laudem.

330 661 400 727 pars
424 644 518 708 etiam
540 645 642 709 meriti
664 645 810 709 meritum
830 645 987 719 celebrare
1008 647 1144 729 pioram3

331 765 388 812 nec
410 765 491 812 noua
512 766 594 812 nune
616 754 670 813 aut
692 752 796 813 nosne
818 766 943 825 canam;
966 749 1067 814 dixere
1088 750 1254 834 prophetae

270 859 307 913 15
331 855 442 916 cuncta
462 851 546 935 prius
570 852 728 934 sanctique
750 853 809 917 uiri
832 870 973 918 sermone
996 854 1095 918 soluto
1155 893 1156 896 =

239 984 243 991 ·
331 956 518 1036 promissum
542 959 691 1036 exortum,
713 957 811 1021 uitam
833 961 1024 1039 mortemque
1047 961 1215 1038 sacrarunt,
1282 1029 1283 1032 Ἴ

332 1060 358 1123 si
380 1076 462 1123 mors
484 1060 538 1124 illa
559 1060 627 1140 fuit,
651 1061 765 1124 meruit
786 1078 863 1142 quae
885 1062 1036 1145 sanguiue
1058 1062 1187 1126 caelum.

331 1182 385 1229 nos
408 1167 532 1227 tantum
554 1164 685 1228 modulis
709 1164 851 1231 euoluere
874 1163 956 1229 dicta
978 1165 1097 1229 canoris

331 1267 472 1331 uouimus
495 1270 526 1331 et
547 1285 639 1331 uersu
660 1270 782 1331 mentes
804 1268 906 1332 laxare
927 1269 1094 1352 legentum.

269 1379 309 1433 20
332 1371 376 1435 sic
398 1369 485 1453 (nam
506 1388 621 1455 magna
641 1371 714 1435 licet
735 1372 850 1453 paruis,
873 1372 999 1454 antiqua
1020 1372 1160 1452 nouellis‚

331 1475 468 1557 perfecta
488 1474 618 1539 indoctis
641 1474 788 1554 conferre,
811 1478 935 1539 aeterna
956 1475 1093 1560 caducis)

330 1578 501 1660 inspirante
523 1579 579 1644 deo
602 1579 746 1661 quicquid
768 1579 869 1643 dixere
890 1578 1007 1662 priores
1109 1635 1111 1638 ,

332 1681 450 1764 aptarit
472 1682 596 1747 citharis
619 1700 732 1747 nomen
753 1682 928 1747 uenerabile
950 1670 1061 1762 Dauid,

332 1801 466 1849 consona
487 1786 611 1850 caelesti
633 1803 772 1870 pangens
795 1784 1005 1851 modulamina
1025 1787 1151 1870 plectro.

271 1896 310 1950 25
333 1907 389 1954 nos
409 1906 529 1971 quoque
545 1889 592 1954 ias
607 1888 787 1954 meminisse
803 1889 852 1954 dei
868 1893 899 1954 et
913 1907 1102 1972 quamquam
1117 1889 1227 1954 obruta
1242 1890 1347 1954 multis

332 1997 456 2074 pectora
478 1993 656 2058 criminibus
679 1994 845 2058 caelestem
867 1993 1029 2058 admittere
1052 2011 1187 2057 sensum.

374 2095 536 2178 Zacharias
559 2094 646 2178 Syria
668 2095 824 2178 quondam
846 2098 885 2161 de
906 2099 999 2180 gente
1022 2097 1161 2161 sacerdos

332 2199 448 2263 credita
469 2199 612 2264 sollemni
633 2199 761 2264 emebat
781 2201 899 2283 templa
919 2204 1038 2283 paratu.
1161 2210 1163 2215 ·

332 2304 397 2370 vita
417 2304 477 2367 uiri
498 2304 612 2386 pietate
635 2303 694 2368 fide
716 2305 870 2387 grauitate
890 2304 1006 2388 pudore

272 2416 310 2470 30
333 2407 478 2489 obsequio
495 2408 651 2490 'condigna
674 2408 732 2489 dei,
755 2408 884 2474 coniunx
905 2407 1082 2475 huiealma

332 2510 492 2576 Elisabeth
512 2511 615 2595 prisea
637 2514 812 2575 sanctorum
835 2511 930 2594 stirpe
952 2511 1089 2576 uirorum

331 2614 494 2698 progenita
515 2617 546 2690 et
568 2617 655 2678 tauto
678 2613 844 2678 uirtutibus
868 2632 966 2697 aequa
987 2615 1106 2679 marito.

333 2717 396 2797 sed,
419 2719 499 2800 quod
521 2718 554 2782 in
577 2717 739 2801 obprobrio
762 2721 898 2782 matrum
919 2737 1048 2801 posuere
1069 2719 1195 2802 priores,

332 2822 418 2902 prole
440 2840 548 2886 carens
571 2822 709 2886 sterilem
732 2821 864 2886 ducebat
885 2826 1004 2886 maesta
1020 2825 1183 2886 senectam

161 2950 163 2954 ’
272 2933 311 2987 35
335 2943 482 3007 spemque
506 2942 629 2989 omnem
652 2925 765 2990 sobolis
789 2928 945 2989 transacta
967 2926 1138 2994 excluserat
1160 2927 1253 2988 aetas.

333 3028 411 3092 sorte
434 3047 555 3092 sacrum
578 3029 727 3094 sollemne
749 3028 805 3093 deo
828 3028 915 3112 plebs
938 3032 1049 3092 cuncta
1071 3028 1199 3107 ferebat,

334 3136 365 3196 et
386 3133 456 3215 pius
475 3133 608 3201 antistes
631 3150 733 3196 sacros
757 3131 931 3196 adoleuerat
953 3133 1050 3216 ignes,

334 3236 443 3299 intima
465 3236 575 3299 diuinis
598 3235 746 3300 decorans
766 3236 875 3300 altaria
896 3235 1045 3309 flammis3

335 3357 404 3403 ecee
426 3356 545 3403 sacram
568 3342 691 3422 propter
713 3340 853 3404 caelestis
877 3339 1002 3403 nuntius
1025 3355 1111 3403 aram

276 3615 308 3669 12
326 3599 470 3682 dignantur
488 3613 532 3668 N¹
602 3606 633 3669 13
652 3612 796 3667 caelebrare
813 3613 847 3668 N
849 3613 860 3645 ¹
921 3611 1039 3681 priorum
1056 3610 1089 3666 N
1156 3613 1187 3667 15
1206 3610 1288 3666 saloto
1305 3612 1338 3668 N
1340 3612 1351 3644 ¹

234 3703 267 3757 18
288 3698 416 3754 modulcis
434 3700 467 3754 N
469 3699 480 3731 ¹
549 3702 582 3755 20
600 3717 662 3753 uam
680 3701 714 3756 N
726 3718 747 3756 s.
760 3701 777 3754 l.
790 3701 853 3755 Μ
922 3697 1022 3772 patruis
1039 3698 1072 3752 N
1136 3699 1171 3763 23
1189 3698 1304 3768 cytharis
1321 3700 1355 3755 N

232 3788 265 3843 25
288 3789 315 3840 et
335 3787 373 3854 N,
395 3787 585 3855 aamercort.
598 3786 684 3842 Roem
742 3780 887 3853 obrutaN,
903 3782 989 3838 obsita
999 3784 1086 3840 Rosea
1138 3784 1229 3838 multis
1246 3785 1308 3840 odd.
1322 3785 1355 3839 N

232 3877 297 3928 m.2
355 3875 389 3928 26
407 3872 548 3930 admittere
565 3872 609 3928 N¹
669 3873 702 3927 27
720 3870 853 3924 zacharias
870 3870 904 3925 N
961 3872 994 3926 30
1012 3869 1141 3940 condigno
1159 3870 1203 3925 N¹
1259 3870 1351 3924 coniux

233 3985 319 4040 Rosea
388 3987 421 4041 32
434 3985 527 4038 merito
546 3983 590 4039 N²
636 3985 686 4038 ’34
704 3948 787 4036 mlle
805 3982 836 4050 (⁰⁰
853 3981 925 4050 m.2)
938 3984 971 4038 Ν
1030 3981 1350 4039 acroceraunium

232 4097 264 4150 ia
280 4115 333 4151 roe,
346 4097 378 4150 N
442 4061 594 4164 sollerlmine
612 4096 688 4160 (corr.
702 4114 735 4149 ot.
748 4097 776 4162 2)
795 4094 827 4150 N
892 4097 924 4149 37
941 4096 1001 4163 pius
1017 4095 1105 4165 Laod.
1118 4096 1214 4161 Neara,
1230 4094 1303 4162 prius
1321 4077 1354 4148 N

234 4183 343 4235 antestis
360 4183 393 4236 N
396 4182 405 4212 ¹
