2918 4664
229 271 316 326 XXVI
700 273 877 328 Praefatio.

293 445 410 510 Sidera
424 446 454 510 ai
469 447 555 510 eaelo
567 446 622 531 (=
634 466 659 512 o.
674 445 724 528 19,
736 465 782 512 us.
799 446 829 531 1)
841 483 883 494 -
897 443 1046 533 Cybeleia
1056 445 1154 532 gallia
1165 449 1220 533 (=
1232 467 1278 513 us,
1292 447 1347 531 87)

333 550 447 635 —qai
461 550 562 636 anapia
577 549 688 636 infuso
703 547 766 613 aiii
780 549 929 614 5555555
942 550 1074 614 ooeaios
1095 550 1132 614 ia
1153 573 1185 615 ee
1207 552 1267 634 (us.
1285 550 1347 617 180

335 673 395 719 om.
413 652 573 737 88-179)
595 691 637 702 -
659 653 698 718 de
719 675 813 719 eroco
832 663 952 718 aaoeta
974 676 1120 719 eoronam
1142 654 1304 739 (55730).

292 774 439 861 Baptista
460 774 609 842 5555555.
646 774 770 862 Incipit
791 774 987 841 undecimas.

293 895 394 982 Saepo
416 894 490 960 beai
511 895 633 962 domini
656 897 712 980 (=
733 915 759 962 o.
776 895 831 981 20)
854 933 895 944 -
917 906 1007 961 mato
1029 896 1213 983 loqoaootna.

292 1017 437 1100 Explicit
458 1016 654 1083 5555515555.
692 1016 813 1104 Incipit
835 1016 1055 1082 duodecimos,

294 1137 445 1205 Candida
466 1161 538 1224 pax
558 1138 614 1224 (=
637 1158 663 1203 o.
679 1138 731 1221 21,
753 1159 799 1204 us.
818 1137 850 1222 1)
873 1176 914 1186 -
936 1139 1044 1225 opoooi
1071 1139 1213 1204 coelestio
1240 1139 1348 1204 odores
1382 1083 1384 1087 '

334 1243 391 1325 (=
411 1263 458 1309 us.
479 1241 533 1327 ll)
557 1280 597 1291 -
620 1241 728 1308 55555
750 1264 937 1329 quemquam
952 1242 1114 1329 plaudere
1137 1243 1192 1328 (=
1214 1264 1261 1308 us.
1287 1243 1347 1326 ,124

335 1366 395 1413 om.
413 1346 574 1431 72-123)
596 1384 638 1394 —
653 1346 770 1435 foliano
791 1347 905 1411 olnae
919 1346 1018 1435 folia.

292 1468 440 1555 Ropiioit
464 1466 544 1533 liber
566 1467 780 1533 duodecimus.

292 1589 441 1654 Dmoaoai
456 1591 569 1677 fateor
588 1600 687 1654 aeetae
715 1589 865 1653 antoniae
885 1611 987 1653 omaoo
1007 1590 1062 1672 (=
1077 1587 1119 1652 32
1134 1612 1178 1644 =‘
1191 1608 1285 1654 oarm.
1301 1591 1348 1654 ul·

336 1696 447 1759 timum
470 1713 517 1778 ap.
536 1693 698 1775 Murator.)
721 1730 771 1763 -4
780 1693 888 1779 pietas
910 1703 1040 1757 555555
1061 1691 1208 1758 monebit.

229 1850 322 1915 eodan
352 1868 415 1914 una
444 1867 538 1914 manu
568 1868 651 1914 oum*
669 1867 781 1932 magna
810 1867 884 1913 oura
913 1852 1053 1914 exaratus
1083 1852 1140 1929 est,
1175 1849 1273 1914 altera
1298 1850 1348 1914 hio

229 1955 292 2020 illio
311 1952 434 2019 tantum
453 1956 616 2018 oomeotus.
644 1953 926 2019 abbreuiationibus
945 1954 1009 2017 fere
1029 1954 1176 2018 immunis
1196 1956 1252 2017 est.
1277 1971 1348 2017 oum

230 2059 369 2142 singulae
395 2058 525 2142 paginae
553 2058 716 2121 minimum
739 2056 780 2120 23
802 2076 911 2122 uersus
939 2056 1193 2139 complectantur,
1218 2058 1348 2121 laounae

229 2163 401 2226 earminum
422 2159 461 2224 19
481 2164 514 2227 et
532 2160 572 2224 21
594 2163 723 2225 duorum
742 2162 885 2227 loliorum
908 2165 940 2227 et
961 2162 1051 2225 unius
1074 2163 1225 2225 iacturam
1246 2163 1349 2225 osten-

229 2267 315 2331 dunt.
339 2266 475 2331 oodioem
497 2266 627 2331 oontuIIt
648 2265 672 2329 I.
690 2265 954 2346 Zeohmeister,
977 2266 1029 2348 qui
1048 2268 1200 2347 quantum
1219 2260 1271 2328 ille
1294 2282 1349 2328 ua-

229 2372 292 2435 leat
305 2370 338 2435 in
354 2369 533 2453 quaestione
548 2368 634 2435 Stod.
650 2368 781 2433 VIndob.
795 2373 869 2434 tom.
882 2367 944 2434 XII
957 2369 1073 2434 inserta
1087 2371 1170 2434 reete
1184 2368 1346 2450 perspexit

158 2526 192 2592 E
273 2525 374 2591 (lodex
405 2525 610 2590 Bononiensis
643 2525 739 2589 ohart.
765 2525 787 2590 f.
813 2522 873 2588 153
904 2523 1107 2590 bibliothecae
1136 2523 1348 2588 uniuersitatis

229 2628 311 2692 2671
329 2628 384 2713 (=
399 2628 428 2694 S.
447 2628 613 2694 saluatoris
628 2626 705 2711 519)
721 2646 745 2693 s.
761 2628 864 2692 XIIII.
887 2628 1113 2711 Mlagarellius‚
1135 2627 1233 2708 quiin
1247 2624 1349 2690 Aneo-

229 2735 371 2799 dotorum
394 2733 539 2797 fasoioulo
562 2731 691 2815 (Romae
717 2723 811 2815 1755)
834 2733 952 2815 primus
975 2731 1078 2796 oodioe
1099 2749 1174 2795 usus
1197 2733 1254 2811 est,
1277 2748 1349 2793 eum

229 2858 253 2902 s.
269 2836 365 2902 XIIII
393 2855 460 2900 esse
487 2835 636 2900 affirmat:
674 2833 770 2903 coiea
795 2835 854 2898 iste
875 2855 936 2919 qao
963 2855 1041 2897 aeuo
1067 2853 1136 2896 eom
1163 2833 1349 2896 chantoceio

229 2951 274 3005 est
299 2963 339 3004 ao
364 2938 501 3022 saeculo,
530 2948 566 3002 ot
593 2937 736 3023 equidem
762 2937 886 3024 opinor,
917 2937 1020 3000 XIIII
1041 2960 1063 3000 o
1084 2936 1187 3022 Lippo
1209 2935 1348 3000 Plataoio

229 3053 392 3126 maraton,
420 3045 459 3108 ad
480 3044 599 3126 primae
620 3044 752 3127 paginae
774 3047 881 3109 nolam
902 3043 1054 3126 relegans,
1077 3059 1171 3124 quam
1192 3041 1238 3106 ita
1257 3040 1348 3125 legit:

229 3147 288 3212 isto
308 3145 389 3211 iiber
408 3155 452 3210 eat
472 3196 479 3209 .
498 3196 504 3210 .
522 3197 529 3210 .
549 3145 690 3231 scriptae
711 3167 732 3208 o
751 3144 888 3208 Domino
902 3144 1006 3230 Lippo
1025 3144 1063 3209 de
1082 3142 1256 3208 Plothaoiia
1274 3143 1349 3206 airo

230 3250 341 3316 eteooto
374 3260 403 3313 et
436 3250 533 3313 docto.
575 3251 696 3333 plenius
730 3252 835 3314 autem
868 3248 1026 3314 Chatelain
1061 3247 1155 3312 uerba
1187 3247 1350 3313 obscurata

229 3357 251 3420 f.
268 3355 287 3418 3
304 3355 477 3420 extrioauit:
504 3353 593 3437 (iot)e
617 3350 697 3417 liber
719 3362 763 3416 eat
783 3349 888 3417 LOCI
904 3348 1095 3436 &ANJGTI
1111 3348 1354 3417 FRANOISGI

230 3456 365 3521 ΙΝἸἘΒ
386 3455 571 3521 CENTVM
586 3455 646 3519 ET
663 3453 847 3537 PLEBEM,
868 3458 898 3520 et
917 3456 1048 3520 altemm
1064 3455 1188 3538 originis
1203 3455 1349 3520 indioium

231 3562 352 3642 detexit,
369 3562 450 3644 quod
465 3560 579 3625 Ibidem
595 3564 708 3625 exstat:
730 3558 859 3622 Donum
874 3581 895 3622 a
909 3555 1158 3643 uenaeque)
1174 3557 1216 3623 D.
1232 3557 1350 3643 Archy-

226 3662 418 3751 preaiytero,
452 3663 563 3727 dotano
590 3663 632 3727 D.
660 3660 905 3749 Chopo(oatomo)
937 3659 1115 3744 Trombelii,
1150 3662 1261 3744 quibus
1292 3662 1350 3745 ipsi

231 3769 343 3835 oodiois
363 3768 523 3834 historiam
542 3771 678 3832 retexere
700 3767 839 3850 contigit.
870 3766 922 3831 ille
941 3766 1035 3850 igitur
1053 3766 1186 3849 primum
1207 3765 1267 3830 luit
1285 3783 1350 3829 mo·

230 3873 357 3938 nasterii
376 3873 651 3939 Franoisoanorum
666 3871 747 3934 inter
764 3869 896 3935 Centum
912 3873 943 3934 et
957 3869 1085 3934 Plebem
1101 3868 1221 3952 (Pione)
1237 3869 1297 3948 siti,
1313 3868 1350 3932 de

231 3995 291 4059 quo
318 3976 488 4041 Flaminius
516 3974 693 4040 Parmensis
719 3971 884 4055 (Memorio
913 3972 1062 4036 interisio
1088 3971 1169 4036 dotto
1199 3969 1351 4036 Ctieaee

232 4078 389 4145 Coaoeoti
409 4079 461 4143 dei
473 4077 582 4164 fratri
602 4075 725 4139 Mioori
745 4075 832 4140 dello
851 4075 1027 4162 prouincia
1050 4074 1085 4139 di
1103 4074 1255 4161 Bologao,
1278 4074 1350 4138 Par·

233 4203 301 4254 mae
327 4182 418 4271 1760,
441 4187 514 4252 tom.
531 4181 563 4245 Π
578 4202 608 4270 p.
626 4179 688 4245 254
703 4181 784 4268 sqq.)
808 4181 878 4268 egil.
911 4180 982 4247 inde
1001 4181 1034 4247 in
1053 4198 1162 4247 manus
1182 4177 1351 4244 Baruffaldi
