2918 4664
221 291 281 356 146
547 308 573 363 S.
585 307 717 362 Paulini
735 306 853 362 Nolani
870 307 1014 377 episcopi

320 501 374 547 ora
394 483 510 547 famem
533 486 565 547 et
587 483 691 547 cuncti
713 500 844 567 magnae
867 499 921 565 spe
943 482 1039 564 partis
1061 481 1198 546 hiantem

260 594 297 649 75
320 585 492 651 tendebant
513 587 551 651 ad
571 587 674 670 opima
696 605 786 651 senes
808 586 950 650 conuiuia
970 586 1102 650 fencem.

320 691 439 755 interea
460 691 587 774 largitor
609 690 698 774 inops
721 707 783 754 non
804 688 945 772 partibus
968 689 1073 771 aequis

321 793 430 858 diuidit
451 792 565 858 incisas
588 811 706 874 carnes,
729 793 866 857 medium
889 794 952 857 suis
975 793 1076 857 aufert

320 899 453 982 sinciput
475 903 507 964 et
527 902 649 963 tanturn
672 899 748 963 secti
770 899 874 981 coquit
896 898 1007 962 intima
1029 897 1147 962 uentris

322 1003 448 1084 solaque
471 1001 657 1086 pauperibus
681 1003 763 1065 caesi
784 1002 891 1066 uitalia
912 1002 995 1084 porci

260 1114 299 1168 80
322 1105 431 1170 diuidit
454 1124 490 1170 ac
511 1109 611 1170 totum
634 1104 693 1170 sibi
715 1123 824 1187 eorpus
847 1104 960 1170 habere
982 1104 1143 1186 relinquit,

323 1213 355 1273 et
377 1212 484 1274 uotum
506 1209 665 1291 supplesse
688 1211 778 1292 putat
799 1209 960 1291 laetusque
982 1208 1081 1272 redire

323 1313 441 1394 incipit,
463 1331 557 1377 ausus
581 1330 632 1376 eas
655 1312 793 1377 iumento
815 1313 961 1395 inponere
984 1330 1090 1376 secum

320 1416 478 1498 reliquias,
501 1419 532 1480 et
552 1416 584 1481 in
606 1415 655 1480 his
678 1416 784 1499 placiti
807 1435 839 1481 se
862 1417 992 1500 pignora
1014 1417 1079 1481 uoti

323 1523 431 1584 sancta
451 1520 565 1584 referre
588 1520 715 1583 domurn
736 1521 819 1584 male
841 1520 993 1601 credulus,
1016 1521 1047 1584 in
1071 1518 1183 1602 quibus
1205 1520 1288 1584 idern

262 1631 301 1684 85
325 1623 473 1701 damnum
495 1624 618 1688 animae
640 1622 816 1706 nodumque
837 1624 907 1688 niae
929 1622 1073 1707 portabat
1094 1639 1215 1688 auarus.
1352 1618 1353 1621 ’

324 1727 453 1808 denique
476 1745 546 1791 mox
568 1745 625 1791 nee
647 1727 732 1792 mille
755 1727 840 1791 uiam
861 1728 1030 1810 permissus
1053 1726 1137 1792 abire

323 1831 465 1913 passibus
488 1831 628 1895 elucente
651 1830 700 1894 die
723 1831 817 1895 simul
839 1849 951 1916 aggere
973 1832 1076 1914 plano,

326 1952 388 1999 non
410 1933 545 1999 tenebris
567 1935 727 2017 pauitante
749 1953 807 1999 nec
829 1934 1003 2000 offendente
1025 1934 1164 2015 salebris,

324 2038 430 2121 lapsus
453 2055 530 2121 equo
553 2041 584 2102 et
605 2038 694 2120 quasi
715 2037 793 2103 finus
817 2038 959 2103 humisa
982 2039 1089 2103 tollere
1111 2057 1218 2103 rursus

263 2150 303 2204 90
326 2142 363 2205 ad
386 2141 620 2206 consistendum
640 2144 783 2224 reparato
804 2140 913 2207 robore
936 2160 1066 2226 surgens

325 2263 386 2309 non
408 2246 508 2329 potuit
529 2245 689 2328 coepitque
711 2246 805 2329 pedes
828 2247 961 2310 clamare
983 2246 1095 2336 ligatos

326 2350 417 2432 idque
439 2339 694 2432 probare'iacens
716 2349 831 2432 plantis
854 2351 942 2431 qnasi
963 2349 1098 2432 conpede
1121 2349 1245 2413 iunctis.

366 2452 417 2517 hic
439 2453 522 2517 aliud
544 2452 659 2516 mirum
681 2470 754 2517 casu
778 2453 912 2517 sociatur
934 2454 965 2517 in
988 2454 1069 2536 ipso;

325 2575 399 2621 nam
422 2557 495 2621 dum
516 2557 605 2621 illum
628 2559 716 2621 tanta
738 2574 809 2621 cnm
832 2556 990 2622 debilitate
1012 2553 1165 2621 iacentem

264 2668 302 2722 95
327 2664 448 2726 maesta
469 2661 710 2745 propinquorum
732 2661 915 2726 circumstat
936 2660 1029 2726 turba
1051 2679 1187 2741 suorum,

326 2765 509 2845 iumentum,
531 2765 581 2828 cni
603 2765 669 2828 sola
691 2764 776 2829 oneri
797 2766 924 2846 porcina
946 2764 1117 2845 manebat„

327 2885 488 2932 ascensore
512 2868 560 2931 sni
582 2885 715 2931 uacuum
738 2871 770 2932 et
791 2867 916 2934 dacore
938 2869 1080 2933 relictum

327 2975 435 3054 sponte
458 2988 514 3035 sua
537 2989 604 3035 sese
627 2971 712 3035 nullo
735 2970 879 3036 flectente
901 2971 1071 3053 refrenans,

327 3079 488 3157 tamquam
509 3074 685 3140 offendiculi
707 3093 834 3140 causam
856 3080 1054 3160 cognosceret
1075 3076 1157 3140 ultro

246 3188 305 3242 100
329 3181 383 3243 aut
405 3178 540 3260 aliquem
562 3177 723 3261 prohibere
745 3179 840 3260 uiam,
863 3182 1088 3263 qua-coeperat
1109 3180 1164 3259 ire,

328 3281 467 3363 uidisset,
490 3281 535 3345 sic
557 3281 646 3366 ingit,
669 3283 728 3346 iter
749 3298 940 3365 cursumque
957 3284 1090 3364 retorsit,

329 3390 361 3451 et
381 3387 565 3469 properante
587 3376 686 3469 gradu
706 3386 876 3451 recucurrit
898 3386 937 3450 ad
958 3386 1081 3470 hospita
1102 3389 1184 3451 tecta

328 3488 472 3554 omnibus
495 3490 688 3569 anteuolans,
712 3507 787 3571 quos
810 3489 890 3573 lapsi
912 3492 1031 3555 attenta
1052 3489 1179 3555 tenebat

329 3612 403 3658 cura
424 3593 491 3674 uiri,
515 3611 575 3674 qua
596 3593 746 3675 paulatim
769 3594 857 3675 quasi
878 3611 1002 3677 corpore
1023 3594 1120 3660 fracto

270 3889 304 3943 74
316 3901 359 3940 ore
371 3888 446 3942 Mor.
499 3885 615 3941 cuntiE
664 3853 902 3954 hiantngcorr.
915 3874 988 3957 Μ,
1004 3887 1194 3943 hiantesMor.
1247 3886 1353 3944 75444-

228 3989 271 4027 ces
288 3975 315 4028 A
366 3991 406 4029 as.
423 3975 524 4028 77-79
542 3991 591 4029 om.
611 3974 668 4027 AD
684 3979 709 4029 ct
726 3974 802 4030 Mur.
859 3977 892 4030 80
911 3973 952 4044 ac]
970 3976 998 4028 et
1014 3976 1088 4031 Mur.
1148 3976 1182 4031 88
1199 3974 1304 4043 pignori
1322 3975 1355 4029 D

228 4062 262 4116 84
284 4059 381 4114 reiorre
401 4051 441 4128 (re
463 4061 495 4114 iar
515 4059 580 4128 roa.)
604 4061 631 4114 D
708 4063 742 4117 90
768 4064 889 4130 reparato
916 4061 947 4115 E
1011 4063 1045 4117 92
1070 4059 1135 4130 pede
1157 4060 1303 4115 coniunctis
1324 4063 1354 4116 A

228 4148 262 4202 95
289 4149 375 4200 mesta
400 4146 431 4201 E
496 4148 529 4200 96
554 4146 647 4200 honeri
674 4147 704 4200 E
769 4148 803 4204 98
828 4145 957 4201 irectente
978 4148 1036 4203 AD
1105 4148 1153 4204 102
1176 4147 1288 4201 recurrit
1309 4148 1354 4202 Αι

228 4234 300 4286 tecta
317 4234 353 4300 Ε,
375 4234 448 4286 tactu
465 4233 502 4299 D,
524 4232 587 4285 tecti
605 4233 632 4286 A
703 4235 753 4288 104
770 4250 822 4302 qua
838 4235 944 4304 scripsi,
963 4249 1028 4301 quae
1045 4233 1153 4301 ADE1,
1171 4249 1249 4302 quern
1266 4232 1311 4288 E·
