2918 4664
158 247 218 311 144
481 261 506 315 S.
519 259 649 314 Paulini
666 257 783 312 Nolani
800 257 943 327 episcopi

256 453 390 519 namque
412 435 451 499 ad
473 435 608 499 natalem
630 449 712 496 nunc
733 431 839 515 ipsius,
862 435 897 496 ut
919 432 1041 514 quidem
1064 435 1095 497 et
1116 435 1187 496 ante

255 538 431 625 praeteritis
453 536 563 620 quibus
586 538 646 601 ista
667 535 731 599 dies
754 535 831 599 mibi
853 533 955 600 floruit
976 535 1074 616 annis,

195 655 233 710 lt
256 662 318 710 non
340 646 405 708 eret
426 641 507 706 unde
529 641 654 722 epulum
676 640 756 704 uotis
779 639 928 704 sollemne
950 657 1103 723 pararem,

255 746 449 827 instabatque
472 744 545 823 dies,
569 761 624 807 nec
647 743 746 807 adhuc
768 743 844 806 mihi
866 747 1009 826 prompta
1030 744 1161 808 facultas

256 870 292 916 en
314 849 415 931 aliquo
437 845 576 921 suberat3
600 846 703 910 subito
726 864 796 910 ecce
818 849 964 929 patronus
987 846 1147 913 abundans

255 953 336 1019 unde
358 952 468 1035 dapem
489 951 610 1033 largam
632 954 783 1015 struerem
806 952 945 1034 geminos
968 951 1051 1015 dedit
1073 969 1134 1016 una

255 1075 326 1122 cum
348 1055 449 1119 iunice
472 1073 553 1135 sues,
576 1073 707 1136 quorum
730 1055 767 1119 de
790 1072 881 1119 carna
904 1055 1011 1120 cibatis

194 1171 233 1225 20
255 1158 442 1242 pauperibus
465 1176 520 1222 nos
543 1160 706 1223 materiam
728 1178 764 1223 ex
786 1159 973 1223 animalibus
995 1160 1094 1224 isdem

256 1263 457 1346 sumpsimus,
480 1263 611 1347 egregiis
634 1263 779 1345 quoniam
801 1264 950 1328 miracula
971 1264 1069 1348 signis

254 1385 308 1450 per
328 1366 461 1449 pecudes
483 1367 566 1449 ipsas
588 1386 687 1450 nuper
709 1367 784 1431 dens
808 1367 910 1448 edidit,
934 1367 997 1431 alta

255 1469 456 1534 destimulans
479 1471 597 1544 ratione
619 1470 758 1536 homines
781 1470 947 1536 adtendere
970 1470 1089 1536 Christo

254 1592 311 1638 nec
333 1573 520 1638 desiderium
541 1574 642 1638 carnis
665 1575 819 1658 praeferre
841 1574 926 1649 fidei;

193 1686 231 1739 25
254 1695 386 1759 namque
408 1678 448 1742 ad
470 1679 616 1743 auaritiae
639 1683 762 1744 nostrae
784 1678 974 1744 lacrimabile
996 1678 1144 1763 probrum

253 1800 308 1864 per
329 1799 440 1863 pecora
460 1782 616 1846 humanae
638 1783 765 1847 rationis
788 1783 911 1866 egentia
932 1801 1089 1855 summum

254 1885 484 1968 signadedisse
507 1886 611 1965 deum,
634 1887 729 1951 series
751 1887 910 1951 recitanda
932 1887 1062 1952 docebit.

255 2006 316 2053 non
339 1982 451 2053 adficta
472 2007 592 2071 cenam,
613 1991 687 2055 licet
709 1994 775 2055 arte
796 1991 946 2074 poematis
968 1995 1046 2056 utar.

163 2189 166 2193 Ι
254 2091 400 2157 historica
422 2094 552 2158 narrabo
574 2093 634 2159 fide
657 2095 724 2159 sine
746 2094 853 2159 fraude
875 2097 998 2178 poetam

149 2198 152 2202 ’
194 2203 234 2258 30
257 2195 338 2261 obsit
361 2197 444 2261 enim
466 2198 582 2262 famulo
606 2196 720 2263 christi
741 2199 871 2262 mentita
892 2198 1015 2281 profari.

255 2299 399 2383 gentibus
422 2301 480 2366 bae
501 2303 645 2385 placeant
665 2305 701 2366 ut
722 2301 801 2368 falsa
823 2301 995 2367 colentibus
1017 2305 1112 2378 artes;

256 2407 288 2468 at
309 2404 398 2468 nobis
421 2423 470 2469 ars
493 2424 555 2470 una
577 2405 653 2470 fides
676 2409 708 2470 et
729 2406 848 2470 musica
869 2405 1021 2487 Christus,

256 2508 308 2589 qui
330 2507 432 2573 docuit
454 2511 565 2574 miram
587 2509 714 2574 sibimet
735 2527 915 2575 concurrere
937 2527 1045 2594 pacem

256 2612 384 2695 disparis
407 2612 585 2678 barmoniae
608 2613 774 2696 quondam,
797 2632 891 2697 quam
914 2631 1023 2698 corpus
1045 2615 1077 2678 in
1100 2632 1197 2678 unum

195 2723 234 2778 35
258 2717 388 2781 contulit
409 2718 575 2783 adsumens
597 2717 765 2800 hominem,
788 2719 841 2801 qui
863 2719 987 2783 miscuit
1009 2719 1126 2783 almum

256 2820 360 2885 infusa
380 2822 496 2887 uirtute
519 2822 621 2904 doum,
644 2826 679 2887 ut
700 2823 760 2887 duo
782 2822 928 2886 conderet
948 2823 980 2887 in
1002 2841 1036 2886 se

256 2923 468 3009 distantesque
490 2927 596 3009 procul
619 2930 745 2991 naturas
766 2926 909 2991 redderet
930 2944 1042 3001 unum3

257 3031 292 3092 ut
314 3029 495 3094 deus‘esset
516 3029 618 3110 homo,
633 3030 717 3094 ¹deus
740 3033 787 3094 est
808 3030 900 3095 homo
923 3031 1023 3095 iectus
1046 3028 1173 3112 abipso

257 3132 310 3213 qni
332 3132 407 3197 deus
430 3136 478 3198 est
499 3134 645 3217 genitore,
660 3134 727 3214 deo,
750 3134 801 3198 cui
823 3135 923 3218 gratia
944 3150 1006 3198 non
1029 3143 1086 3214 est,

194 3242 235 3298 40
258 3235 313 3299 sed
335 3239 454 3318 natura,
477 3236 557 3319 quod
580 3241 628 3302 est
650 3239 766 3302 summi
787 3238 884 3321 patris
906 3237 1016 3301 unicus
1038 3236 1137 3318 heres,

257 3341 341 3404 solus
363 3339 481 3405 hebens
503 3342 671 3425 proprium,
694 3342 775 3425 quod
797 3360 924 3406 munere
946 3344 1085 3423 praestat
1106 3339 1218 3405 habere

257 3442 317 3525 his,
340 3444 451 3526 quibus
474 3446 557 3509 alma
578 3445 654 3510 fides
677 3446 797 3511 dederit
818 3445 922 3511 diuina
943 3444 1064 3509 mereri.

256 3548 308 3612 illc
331 3548 425 3632 igitur
446 3567 518 3613 uere
542 3549 629 3615 nobis
653 3553 700 3615 est
722 3549 859 3614 musicus
882 3553 996 3630 auctor,

200 3845 232 3897 15
250 3842 320 3896 uotis
338 3843 373 3912 E,
391 3843 517 3898 uotiAD
567 3843 682 3898 solemne
696 3845 725 3898 E
775 3846 808 3900 18
824 3842 974 3912 largam‘ld,
991 3843 1112 3897 om.AD
1162 3841 1277 3897 instrue·¹

155 3943 211 3981 rem
230 3928 287 3983 AD
356 3931 388 3985 19
406 3928 491 3984 iunice
508 3931 573 3997 AD,
595 3929 697 3984 nutrice
715 3931 745 3984 Ε
811 3928 910 3984 cibatos
928 3929 971 3984 Ε1
1039 3930 1073 3984 20
1095 3926 1198 3980 hisdem
1220 3928 1279 3982 AD

155 4016 189 4069 24
207 4013 374 4083 desyderium
393 4016 424 4069 Ε
481 4018 515 4072 26
532 4032 579 4085 per
596 4017 632 4084 Ε,
650 4035 699 4074 om.
713 4018 779 4086 ΑΙ),
796 4018 823 4070 ct
839 4017 913 4072 Mur.
974 4017 1005 4070 31
1025 4014 1133 4069 falsoD
1184 4015 1217 4068 ol
1236 4030 1278 4067 er-

141 4100 259 4155 monice
276 4103 333 4156 AD
395 4117 446 4170 quo
464 4106 599 4171 tamquam
618 4104 648 4158 E
708 4107 741 4159 35
760 4104 803 4157 cui
821 4106 850 4159 D
912 4104 951 4158 41.
964 4101 1036 4156 solus
1055 4103 1090 4170 Ε,
1108 4101 1193 4155 solum
1211 4101 1277 4170 AD,

155 4186 241 4241 solum
259 4190 286 4242 et
304 4190 377 4245 Mar.
