2918 4664
155 288 214 353 182
258 389 261 397 Ι
479 305 504 358 S.
517 304 647 357 Paulini
664 303 781 359 Nolani
799 304 941 373 episcopi

253 481 387 544 insertus
411 480 543 561 scopulis
566 480 650 544 nullo
672 497 772 561 neque
795 478 872 543 ealle
893 478 1014 542 uiarum

254 584 399 649 iumentis
423 585 515 648 etiam
536 583 733 667 penetrabilis
757 601 824 647 esse
845 581 989 666 negabat,

253 687 334 752 unde
356 689 450 753 etiam
473 688 612 752 mercede
634 706 763 752 manum
784 688 915 770 reperire
937 689 1076 770 paratam

175 800 233 854 775
258 791 380 856 difficile
403 792 537 857 inmensi
558 792 712 856 iaciebant
734 791 829 855 ardua
850 791 978 866 montis3

254 914 314 979 quo
337 897 434 961 maior
455 896 604 960 mercedis
627 897 723 961 honor
744 896 912 977 locupletat
932 893 1087 974 Abellam,

254 999 334 1082 quod
355 1003 496 1082 prompte
519 1001 669 1065 famulata
692 1018 778 1064 66676
801 1000 911 1064 Felicis
934 999 1042 1063 honori

254 1103 351 1168 effusa
372 1106 487 1187 pictate
509 1122 619 1169 manus
642 1105 781 1187 inpendit
802 1105 966 1185 inemptas.

254 1226 376 1272 cernere
399 1213 466 1273 6767
486 1208 620 1290 trepidas
643 1209 709 1272 7676
731 1208 767 1271 de
789 1206 880 1291 plebe
902 1209 1041 1271 cateruas

173 1321 232 1375 730
255 1312 369 1377 ordinis
393 1316 424 1376 et
444 1312 550 1394 populi
572 1311 665 1375 simul
686 1330 749 1375 una
771 1313 874 1375 mente
896 1314 1016 1374 coactas

253 1433 343 1479 mane
366 1433 445 1480 nouo
468 1415 581 1479 excitos
603 1415 643 1479 ad
665 1432 741 1497 opus
763 1431 942 1478 concurrere
963 1414 1061 1478 laetos

253 1519 453 1599 certatimque
475 1518 590 1582 alacres
612 1519 645 1582 in
667 1536 790 1582 summa
812 1517 972 1582 eacumina
993 1516 1066 1581 76777

253 1626 284 1687 67
306 1621 363 1686 sub
385 1622 469 1686 76666
491 1621 578 1704 graui
600 1621 722 1703 cophini
744 1621 862 1686 ceruice
888 1620 1015 1684 subacta

253 1726 486 1807 caementisque¹
504 1725 598 1789 simul
620 1724 749 1790 dumosa
770 1743 825 1808 per
848 1725 943 1788 ardua
964 1723 1061 1787 uectis

169 1837 228 1892 735
252 1830 316 1893 6616
339 1828 395 1893 sub
419 1828 539 1893 ardenti
560 1827 682 1892 crebros
706 1828 816 1892 iterare
837 1846 980 1892 recursus

253 1935 413 2012 ettotam,
436 1950 530 2014 quam
552 1933 646 2015 longa
667 1923 732 1995 dies
755 1934 873 1995 aestate
897 1933 1043 2010 moratur,

252 2037 377 2100 tendere
401 2035 438 2100 ab
462 2052 572 2099 aurora
594 2053 677 2099 seras
699 2035 731 2098 in
754 2035 890 2116 uesperis
913 2034 1015 2114 776766,
1041 2019 1043 2022 ’

253 2140 478 2223 peruigilesque
502 2139 612 2203 animis
634 2139 754 2203 modica
776 2138 826 2202 uix
849 2141 939 2202 noete
961 2137 1082 2201 reiectis

254 2244 429 2326 corporibus
451 2261 573 2311 rursum
597 2245 670 2307 6776
693 2242 772 2305 diem
795 2241 917 2307 fabrilia
938 2241 977 2304 ad
999 2257 1086 2304 arma

171 2356 231 2410 740
254 2366 379 2430 surgere
400 2364 458 2411 nec
481 2346 593 2410 sentire
616 2345 671 2410 deo
694 2347 858 2428 uegetante
879 2344 1027 2409 laborem.

211 2440 212 2443 ¹
255 2451 386 2532 denique
409 2450 453 2514 676
474 2451 574 2532 operis
596 2448 746 2532 prooessit
767 2448 866 2532 gratia
887 2449 1003 2531 magni,

253 2557 288 2619 ut
309 2557 469 2636 tamquam
490 2552 561 2618 ludo
583 2553 688 2637 paucis
711 2569 787 2633 opus
811 2569 902 2616 omna
925 2551 1033 2615 diebus

193 2729 195 2732 ,
255 2659 391 2722 sumeret
412 2657 591 2741 explicitum
612 2656 748 2738 perfecto
770 2673 897 2719 munere
919 2654 1024 2733 finem,

255 2762 415 2842 formaque
436 2760 612 2843 longinquis
636 2777 654 2823 6
676 2758 833 2823 montibus
856 2758 979 2842 agmine
1001 2757 1094 2837 76766,

172 2873 231 2928 745
256 2883 315 2947 qua
335 2865 437 2929 fuerat
457 2866 549 2948 longo
571 2863 656 2946 prius
678 2863 850 2944 iutermpta
871 2865 1008 2942 ueterno,

254 2968 389 3050 undique
411 2968 565 3032 fonticulis
588 2967 710 3032 diuersa
732 2985 768 3030 ex
789 2986 866 3049 rupe
887 2965 1019 3049 receptis

255 3072 417 3137 collectam
438 3074 596 3135 reuocaret
618 3089 731 3153 aquam
754 3069 929 3134 sitientibus
952 3069 1026 3133 olim

256 3175 392 3255 urbibus
416 3178 447 3239 67
467 3176 558 3257 pleno
580 3194 634 3257 per
657 3174 743 3238 milia
765 3174 864 3237 multa
885 3173 1005 3236 uiamm

256 3279 379 3344 tramite
401 3279 570 3343 formarum
594 3280 624 3342 et
645 3277 743 3342 nostri
766 3276 876 3340 Felicis
898 3276 1053 3340 inundans

173 3391 233 3446 750
256 3385 348 3463 76676,
370 3400 485 3447 nouum
508 3382 636 3446 calicem
659 3379 751 3445 llunio
775 3383 939 3462 superante
962 3380 1102 3461 repleret.

258 3491 289 3550 et
310 3486 390 3568 quod
413 3486 506 3549 diuini
530 3485 747 3550 documentum
771 3484 906 3548 muueris
933 3484 1004 3566 egit,

197 3712 248 3768 723
265 3708 406 3779 penetralis
423 3710 453 3763 D
505 3709 555 3763 724
572 3724 653 3762 manu
669 3710 740 3776 AD;
756 3708 892 3763 66617767.
944 3708 1034 3776 petam
1052 3707 1081 3761 D
1132 3707 1182 3760 725
1200 3720 1275 3759 mon-

153 3800 194 3852 tes
211 3799 241 3852 D
292 3795 505 3864 7336677761),
523 3794 633 3849 confinis
651 3788 682 3850 A
730 3797 780 3850 734
798 3793 975 3862 cementisque
990 3794 1048 3848 AD
1099 3794 1187 3845 nectos
1199 3792 1273 3848 Mar.

154 3886 205 3940 736
221 3886 306 3938 totam
323 3885 388 3952 AD,
406 3885 462 3937 tota
478 3883 551 3937 Mor.
627 3882 718 3952 quam]
732 3882 801 3951 'quos
819 3882 887 3938 cossi.
901 3882 1075 3936 chbmeistcr
1148 3879 1198 3935 738
1215 3893 1275 3947 per·

153 3970 294 4040 uigiliaque
311 3971 369 4025 AD
441 3970 491 4024 744
508 3969 612 4038 agmins
630 3969 701 4022 76766
719 3969 786 4025 coni.
805 3968 985 4032 Zcobmoiatcr,
1004 3965 1116 4034 agminia
1134 3978 1191 4018 6766
1207 3965 1275 4033 AD,

155 4057 257 4127 aggeris
271 4053 331 4111 ’6776
349 4057 423 4110 Mur.
486 4057 535 4112 745
554 4071 606 4124 qua
622 4056 687 4122 AD,
705 4069 771 4122 quae
788 4054 862 4108 Mor.
927 4053 1005 4120 longo
1023 4052 1088 4119 AD,
1104 4050 1181 4119 longe
1199 4049 1275 4105 Mar.

155 4145 205 4200 746
221 4147 341 4213 receptus
357 4143 400 4198 A1
452 4139 800 4211 decacuminanda
816 4140 873 4195 AD
924 4139 1094 4193 nouumAa.
1107 4139 1123 4192 l.
1176 4135 1276 4206 replere

153 4232 223 4299 AD;
239 4231 373 4285 6667167.
425 4231 474 4285 751
494 4228 560 4298 ogit]
578 4228 635 4282 edit
650 4231 714 4298 fort.
1022 4247 1024 4251 ’
