<?xml version="1.0" encoding="UTF-8"?>
<!DOCTYPE html PUBLIC "-//W3C//DTD XHTML 1.0 Transitional//EN"
    "http://www.w3.org/TR/xhtml1/DTD/xhtml1-transitional.dtd">
<html xmlns="http://www.w3.org/1999/xhtml" xml:lang="en" lang="en">
 <head>
  <title>
</title>
<meta http-equiv="Content-Type" content="text/html;charset=utf-8" />
  <meta name='ocr-system' content='tesseract 3.04.00' />
  <meta name='ocr-capabilities' content='ocr_page ocr_carea ocr_par ocr_line ocrx_word'/>
</head>
<body>
  <div class='ocr_page' id='page_1' title='image "./sanctipontiimer00paulgoog_0238.png"; bbox 0 0 2918 4664; ppageno 0'>
   <div class='ocr_carea' id='block_1_1' title="bbox 540 297 909 362">
    <p class='ocr_par' dir='ltr' id='par_1_1' title="bbox 540 297 909 362">
     <span class='ocr_line' id='line_1_1' title="bbox 540 297 909 362; baseline 0.011 -12"><span class='ocrx_word' id='word_1_1' title='bbox 540 312 666 351; x_wconf 84' lang='lat' dir='ltr'>carmen</span> <span class='ocrx_word' id='word_1_2' title='bbox 682 297 754 362; x_wconf 80' lang='lat' dir='ltr'>m,</span> <span class='ocrx_word' id='word_1_3' title='bbox 767 301 909 356; x_wconf 78' lang='lat' dir='ltr'>rsa—846.</span> 
     </span>
    </p>
   </div>
   <div class='ocr_carea' id='block_1_2' title="bbox 176 471 1186 3773">
    <p class='ocr_par' dir='ltr' id='par_1_2' title="bbox 176 471 1186 3773">
     <span class='ocr_line' id='line_1_2' title="bbox 182 471 899 555; baseline 0.004 -20"><span class='ocrx_word' id='word_1_4' title='bbox 182 480 245 535; x_wconf 81' lang='lat'>815</span> <span class='ocrx_word' id='word_1_5' title='bbox 270 491 306 535; x_wconf 85' lang='lat' dir='ltr'>ex</span> <span class='ocrx_word' id='word_1_6' title='bbox 328 490 384 554; x_wconf 85' lang='lat' dir='ltr'>cpe</span> <span class='ocrx_word' id='word_1_7' title='bbox 407 471 511 536; x_wconf 78' lang='lat' dir='ltr'>diuina</span> <span class='ocrx_word' id='word_1_8' title='bbox 532 473 627 555; x_wconf 90' lang='lat' dir='ltr'>largis</span> <span class='ocrx_word' id='word_1_9' title='bbox 650 472 746 536; x_wconf 88' lang='lat' dir='ltr'>ditata</span> <span class='ocrx_word' id='word_1_10' title='bbox 767 471 899 538; x_wconf 85' lang='lat' dir='ltr'>liuentis.</span> 
     </span>
     <span class='ocr_line' id='line_1_3' title="bbox 269 577 1186 660; baseline 0.004 -21"><span class='ocrx_word' id='word_1_11' title='bbox 269 594 340 659; x_wconf 87' lang='lat' dir='ltr'>erge</span> <span class='ocrx_word' id='word_1_12' title='bbox 364 579 394 639; x_wconf 90' lang='lat' dir='ltr'>et</span> <span class='ocrx_word' id='word_1_13' title='bbox 416 579 449 640; x_wconf 90' lang='lat' dir='ltr'>tu</span> <span class='ocrx_word' id='word_1_14' title='bbox 472 594 593 639; x_wconf 89' lang='lat' dir='ltr'>mecum</span> <span class='ocrx_word' id='word_1_15' title='bbox 615 594 744 660; x_wconf 87' lang='lat' dir='ltr'>paruam</span> <span class='ocrx_word' id='word_1_16' title='bbox 765 579 853 658; x_wconf 85' lang='lat' dir='ltr'>qnasi</span> <span class='ocrx_word' id='word_1_17' title='bbox 875 581 973 642; x_wconf 87' lang='lat' dir='ltr'>mater</span> <span class='ocrx_word' id='word_1_18' title='bbox 994 577 1149 659; x_wconf 81' lang='lat' dir='ltr'>Abellam,</span> <span class='ocrx_word' id='word_1_19' title='bbox 1184 598 1186 602; x_wconf 59' lang='grc'><strong>“</strong></span> 
     </span>
     <span class='ocr_line' id='line_1_4' title="bbox 267 679 1177 764; baseline 0.005 -21"><span class='ocrx_word' id='word_1_20' title='bbox 267 679 355 760; x_wconf 85' lang='lat' dir='ltr'>Nola,</span> <span class='ocrx_word' id='word_1_21' title='bbox 377 681 458 760; x_wconf 84' lang='lat' dir='ltr'>fone,</span> <span class='ocrx_word' id='word_1_22' title='bbox 480 681 634 761; x_wconf 86' lang='lat' dir='ltr'>queniam,</span> <span class='ocrx_word' id='word_1_23' title='bbox 658 683 693 744; x_wconf 90' lang='grc' dir='ltr'>ιιι</span> <span class='ocrx_word' id='word_1_24' title='bbox 714 681 880 764; x_wconf 83' lang='lat' dir='ltr'>cognoscis,</span> <span class='ocrx_word' id='word_1_25' title='bbox 903 681 1023 764; x_wconf 81' lang='lat' dir='ltr'>etipsa</span> <span class='ocrx_word' id='word_1_26' title='bbox 1044 686 1177 763; x_wconf 87' lang='lat' dir='ltr'>tuarum,</span> 
     </span>
     <span class='ocr_line' id='line_1_5' title="bbox 267 783 1154 868; baseline 0.005 -21"><span class='ocrx_word' id='word_1_27' title='bbox 267 783 423 847; x_wconf 84' lang='lat' dir='ltr'>tiliacum</span> <span class='ocrx_word' id='word_1_28' title='bbox 446 785 572 865; x_wconf 86' lang='lat' dir='ltr'>tussit,</span> <span class='ocrx_word' id='word_1_29' title='bbox 594 787 699 849; x_wconf 90' lang='lat' dir='ltr'>tamen</span> <span class='ocrx_word' id='word_1_30' title='bbox 722 787 769 848; x_wconf 86' lang='lat' dir='ltr'>est</span> <span class='ocrx_word' id='word_1_31' title='bbox 791 784 848 848; x_wconf 92' lang='lat' dir='ltr'>tibi</span> <span class='ocrx_word' id='word_1_32' title='bbox 871 788 969 850; x_wconf 82' lang='lat' dir='ltr'>mater</span> <span class='ocrx_word' id='word_1_33' title='bbox 991 803 1154 868; x_wconf 82' lang='lat' dir='ltr'>aquarum,</span> 
     </span>
     <span class='ocr_line' id='line_1_6' title="bbox 268 885 1099 972; baseline 0.002 -21"><span class='ocrx_word' id='word_1_34' title='bbox 268 889 353 952; x_wconf 84' lang='lat' dir='ltr'>cuius</span> <span class='ocrx_word' id='word_1_35' title='bbox 375 887 414 952; x_wconf 94' lang='lat' dir='ltr'>ab</span> <span class='ocrx_word' id='word_1_36' title='bbox 436 885 587 972; x_wconf 86' lang='lat' dir='ltr'>indigenis</span> <span class='ocrx_word' id='word_1_37' title='bbox 609 886 665 952; x_wconf 89' lang='lat' dir='ltr'>tibi</span> <span class='ocrx_word' id='word_1_38' title='bbox 686 888 842 958; x_wconf 89' lang='lat' dir='ltr'>montibus</span> <span class='ocrx_word' id='word_1_39' title='bbox 866 888 979 953; x_wconf 84' lang='lat' dir='ltr'>adtinet</span> <span class='ocrx_word' id='word_1_40' title='bbox 999 891 1099 954; x_wconf 86' lang='lat' dir='ltr'>omnis</span> 
     </span>
     <span class='ocr_line' id='line_1_7' title="bbox 182 992 984 1076; baseline 0.002 -22"><span class='ocrx_word' id='word_1_41' title='bbox 182 1000 247 1056; x_wconf 76' lang='lat' dir='ltr'>aab</span> <span class='ocrx_word' id='word_1_42' title='bbox 269 993 364 1075; x_wconf 86' lang='lat' dir='ltr'>copia,</span> <span class='ocrx_word' id='word_1_43' title='bbox 388 1010 448 1074; x_wconf 88' lang='lat' dir='ltr'>qua</span> <span class='ocrx_word' id='word_1_44' title='bbox 469 992 571 1056; x_wconf 85' lang='lat' dir='ltr'>fueras</span> <span class='ocrx_word' id='word_1_45' title='bbox 594 992 732 1057; x_wconf 81' lang='lat' dir='ltr'>felicibus</span> <span class='ocrx_word' id='word_1_46' title='bbox 756 997 828 1057; x_wconf 88' lang='lat' dir='ltr'>ante</span> <span class='ocrx_word' id='word_1_47' title='bbox 850 994 984 1076; x_wconf 87' lang='lat' dir='ltr'>superba</span> 
     </span>
     <span class='ocr_line' id='line_1_8' title="bbox 268 1095 1020 1179; baseline 0.001 -20"><span class='ocrx_word' id='word_1_48' title='bbox 268 1098 298 1160; x_wconf 87' lang='lat' dir='ltr'>et</span> <span class='ocrx_word' id='word_1_49' title='bbox 320 1113 380 1178; x_wconf 90' lang='lat' dir='ltr'>qua</span> <span class='ocrx_word' id='word_1_50' title='bbox 401 1098 472 1179; x_wconf 87' lang='lat' dir='ltr'>pest</span> <span class='ocrx_word' id='word_1_51' title='bbox 494 1095 594 1160; x_wconf 86' lang='lat' dir='ltr'>studio</span> <span class='ocrx_word' id='word_1_52' title='bbox 617 1096 741 1160; x_wconf 86' lang='lat' dir='ltr'>meliore</span> <span class='ocrx_word' id='word_1_53' title='bbox 764 1097 905 1161; x_wconf 90' lang='lat' dir='ltr'>ministra</span> <span class='ocrx_word' id='word_1_54' title='bbox 926 1097 1020 1161; x_wconf 88' lang='lat' dir='ltr'>fuisti.</span> 
     </span>
     <span class='ocr_line' id='line_1_9' title="bbox 308 1198 1177 1284; baseline 0.003 -21"><span class='ocrx_word' id='word_1_55' title='bbox 308 1199 407 1283; x_wconf 91' lang='lat' dir='ltr'>gaude</span> <span class='ocrx_word' id='word_1_56' title='bbox 429 1199 532 1282; x_wconf 86' lang='lat' dir='ltr'>igitur,</span> <span class='ocrx_word' id='word_1_57' title='bbox 555 1217 625 1269; x_wconf 81' lang='lat' dir='ltr'>mea</span> <span class='ocrx_word' id='word_1_58' title='bbox 645 1198 735 1280; x_wconf 84' lang='lat' dir='ltr'>Nola,</span> <span class='ocrx_word' id='word_1_59' title='bbox 758 1200 814 1265; x_wconf 92' lang='lat' dir='ltr'>tibi</span> <span class='ocrx_word' id='word_1_60' title='bbox 837 1203 868 1269; x_wconf 88' lang='lat' dir='ltr'>et</span> <span class='ocrx_word' id='word_1_61' title='bbox 888 1203 1019 1284; x_wconf 77' lang='lat' dir='ltr'>gratare,</span> <span class='ocrx_word' id='word_1_62' title='bbox 1044 1201 1177 1284; x_wconf 81' lang='lat' dir='ltr'>profusis</span> 
     </span>
     <span class='ocr_line' id='line_1_10' title="bbox 267 1293 1059 1386; baseline 0 -18"><span class='ocrx_word' id='word_1_63' title='bbox 267 1303 383 1368; x_wconf 89' lang='lat' dir='ltr'>uiribus</span> <span class='ocrx_word' id='word_1_64' title='bbox 400 1293 547 1368; x_wconf 51' lang='lat' dir='ltr'>¹exultans</span> <span class='ocrx_word' id='word_1_65' title='bbox 570 1302 702 1384; x_wconf 78' lang='lat' dir='ltr'>Christo,</span> <span class='ocrx_word' id='word_1_66' title='bbox 725 1304 776 1386; x_wconf 92' lang='lat' dir='ltr'>qni</span> <span class='ocrx_word' id='word_1_67' title='bbox 798 1307 828 1368; x_wconf 89' lang='lat' dir='ltr'>te</span> <span class='ocrx_word' id='word_1_68' title='bbox 850 1322 904 1386; x_wconf 87' lang='lat' dir='ltr'>per</span> <span class='ocrx_word' id='word_1_69' title='bbox 925 1304 1059 1368; x_wconf 91' lang='lat' dir='ltr'>amicum</span> 
     </span>
     <span class='ocr_line' id='line_1_11' title="bbox 266 1407 1019 1492; baseline 0 -20"><span class='ocrx_word' id='word_1_70' title='bbox 266 1407 470 1490; x_wconf 87' lang='lat' dir='ltr'>dilectumque</span> <span class='ocrx_word' id='word_1_71' title='bbox 493 1426 583 1471; x_wconf 89' lang='lat' dir='ltr'>sunm</span> <span class='ocrx_word' id='word_1_72' title='bbox 606 1407 741 1474; x_wconf 77' lang='lat' dir='ltr'>Felicem</span> <span class='ocrx_word' id='word_1_73' title='bbox 764 1408 860 1492; x_wconf 85' lang='lat' dir='ltr'>finxit,</span> <span class='ocrx_word' id='word_1_74' title='bbox 884 1428 900 1471; x_wconf 91' lang='lat' dir='ltr'>e</span> <span class='ocrx_word' id='word_1_75' title='bbox 936 1409 1019 1472; x_wconf 86' lang='lat' dir='ltr'>anxit</span> 
     </span>
     <span class='ocr_line' id='line_1_12' title="bbox 180 1511 1070 1576; baseline 0.003 -4"><span class='ocrx_word' id='word_1_76' title='bbox 180 1518 243 1573; x_wconf 78' lang='lat'>825</span> <span class='ocrx_word' id='word_1_77' title='bbox 266 1514 376 1575; x_wconf 91' lang='lat' dir='ltr'>natura</span> <span class='ocrx_word' id='word_1_78' title='bbox 398 1511 569 1575; x_wconf 79' lang='lat' dir='ltr'>famulante</span> <span class='ocrx_word' id='word_1_79' title='bbox 591 1515 678 1574; x_wconf 87' lang='lat' dir='ltr'>tunm</span> <span class='ocrx_word' id='word_1_80' title='bbox 702 1530 811 1575; x_wconf 91' lang='lat' dir='ltr'>manus</span> <span class='ocrx_word' id='word_1_81' title='bbox 834 1511 898 1576; x_wconf 86' lang='lat' dir='ltr'>alta</span> <span class='ocrx_word' id='word_1_82' title='bbox 920 1512 1070 1576; x_wconf 83' lang='lat' dir='ltr'>decerem.</span> 
     </span>
     <span class='ocr_line' id='line_1_13' title="bbox 265 1614 1124 1698; baseline 0.005 -22"><span class='ocrx_word' id='word_1_83' title='bbox 265 1632 354 1677; x_wconf 89' lang='lat' dir='ltr'>cerne</span> <span class='ocrx_word' id='word_1_84' title='bbox 380 1617 466 1678; x_wconf 91' lang='lat' dir='ltr'>tuam</span> <span class='ocrx_word' id='word_1_85' title='bbox 488 1614 609 1694; x_wconf 84' lang='lat' dir='ltr'>faciem,</span> <span class='ocrx_word' id='word_1_86' title='bbox 632 1633 693 1696; x_wconf 85' lang='lat' dir='ltr'>qua</span> <span class='ocrx_word' id='word_1_87' title='bbox 714 1634 795 1678; x_wconf 86' lang='lat' dir='ltr'>nunc</span> <span class='ocrx_word' id='word_1_88' title='bbox 818 1632 899 1679; x_wconf 86' lang='lat' dir='ltr'>nona</span> <span class='ocrx_word' id='word_1_89' title='bbox 920 1616 1124 1698; x_wconf 86' lang='lat' dir='ltr'>praenituisti,</span> 
     </span>
     <span class='ocr_line' id='line_1_14' title="bbox 264 1718 1019 1801; baseline 0 -19"><span class='ocrx_word' id='word_1_90' title='bbox 264 1721 299 1782; x_wconf 90' lang='lat' dir='ltr'>ut</span> <span class='ocrx_word' id='word_1_91' title='bbox 321 1735 440 1798; x_wconf 82' lang='lat' dir='ltr'>noscas,</span> <span class='ocrx_word' id='word_1_92' title='bbox 463 1718 622 1782; x_wconf 79' lang='lat' dir='ltr'>dederisne</span> <span class='ocrx_word' id='word_1_93' title='bbox 645 1719 757 1801; x_wconf 87' lang='lat' dir='ltr'>aliquid</span> <span class='ocrx_word' id='word_1_94' title='bbox 781 1718 889 1782; x_wconf 84' lang='lat' dir='ltr'>Felicis</span> <span class='ocrx_word' id='word_1_95' title='bbox 912 1719 1019 1784; x_wconf 87' lang='lat' dir='ltr'>honori</span> 
     </span>
     <span class='ocr_line' id='line_1_15' title="bbox 265 1820 988 1905; baseline 0.004 -21"><span class='ocrx_word' id='word_1_96' title='bbox 265 1839 305 1885; x_wconf 93' lang='lat' dir='ltr'>an</span> <span class='ocrx_word' id='word_1_97' title='bbox 326 1822 426 1905; x_wconf 86' lang='lat' dir='ltr'>magis</span> <span class='ocrx_word' id='word_1_98' title='bbox 449 1840 468 1884; x_wconf 91' lang='lat' dir='ltr'>a</span> <span class='ocrx_word' id='word_1_99' title='bbox 490 1820 589 1886; x_wconf 85' lang='lat' dir='ltr'>Felice</span> <span class='ocrx_word' id='word_1_100' title='bbox 612 1821 660 1886; x_wconf 87' lang='lat' dir='ltr'>dei</span> <span class='ocrx_word' id='word_1_101' title='bbox 682 1823 838 1886; x_wconf 87' lang='lat' dir='ltr'>cumulata</span> <span class='ocrx_word' id='word_1_102' title='bbox 858 1823 988 1887; x_wconf 79' lang='lat' dir='ltr'>colaris?</span> 
     </span>
     <span class='ocr_line' id='line_1_16' title="bbox 264 1924 940 2008; baseline 0.004 -20"><span class='ocrx_word' id='word_1_103' title='bbox 264 1942 352 2007; x_wconf 87' lang='lat' dir='ltr'>asper</span> <span class='ocrx_word' id='word_1_104' title='bbox 375 1925 429 1989; x_wconf 91' lang='lat' dir='ltr'>ubi</span> <span class='ocrx_word' id='word_1_105' title='bbox 450 1926 539 1989; x_wconf 92' lang='lat' dir='ltr'>nudis</span> <span class='ocrx_word' id='word_1_106' title='bbox 562 1924 669 1990; x_wconf 79' lang='lat' dir='ltr'>arebat</span> <span class='ocrx_word' id='word_1_107' title='bbox 691 1925 825 1991; x_wconf 87' lang='lat' dir='ltr'>calculus</span> <span class='ocrx_word' id='word_1_108' title='bbox 847 1928 940 2008; x_wconf 89' lang='lat' dir='ltr'>aruis,</span> 
     </span>
     <span class='ocr_line' id='line_1_17' title="bbox 177 2029 1041 2114; baseline 0.003 -22"><span class='ocrx_word' id='word_1_109' title='bbox 177 2036 241 2093; x_wconf 89' lang='lat'>830</span> <span class='ocrx_word' id='word_1_110' title='bbox 263 2047 345 2093; x_wconf 88' lang='lat' dir='ltr'>nunc</span> <span class='ocrx_word' id='word_1_111' title='bbox 366 2032 487 2093; x_wconf 85' lang='lat' dir='ltr'>mutata</span> <span class='ocrx_word' id='word_1_112' title='bbox 508 2029 588 2093; x_wconf 86' lang='lat' dir='ltr'>niret</span> <span class='ocrx_word' id='word_1_113' title='bbox 609 2030 788 2095; x_wconf 78' lang='lat' dir='ltr'>madefactis</span> <span class='ocrx_word' id='word_1_114' title='bbox 810 2031 911 2114; x_wconf 87' lang='lat' dir='ltr'>gratia</span> <span class='ocrx_word' id='word_1_115' title='bbox 932 2030 1041 2114; x_wconf 77' lang='lat' dir='ltr'>glebis,</span> 
     </span>
     <span class='ocr_line' id='line_1_18' title="bbox 263 2133 1046 2218; baseline 0.004 -23"><span class='ocrx_word' id='word_1_116' title='bbox 263 2151 324 2196; x_wconf 86' lang='lat' dir='ltr'>nnn</span> <span class='ocrx_word' id='word_1_117' title='bbox 346 2133 423 2197; x_wconf 89' lang='lat' dir='ltr'>istcs</span> <span class='ocrx_word' id='word_1_118' title='bbox 444 2136 566 2198; x_wconf 85' lang='lat' dir='ltr'>tantum</span> <span class='ocrx_word' id='word_1_119' title='bbox 588 2134 690 2198; x_wconf 85' lang='lat' dir='ltr'>fontes</span> <span class='ocrx_word' id='word_1_120' title='bbox 712 2135 778 2215; x_wconf 91' lang='lat' dir='ltr'>tibi,</span> <span class='ocrx_word' id='word_1_121' title='bbox 800 2134 889 2217; x_wconf 83' lang='lat' dir='ltr'>Nola,</span> <span class='ocrx_word' id='word_1_122' title='bbox 911 2135 1046 2218; x_wconf 81' lang='lat' dir='ltr'>profudit</span> 
     </span>
     <span class='ocr_line' id='line_1_19' title="bbox 263 2234 963 2322; baseline 0.003 -22"><span class='ocrx_word' id='word_1_123' title='bbox 263 2236 373 2301; x_wconf 81' lang='lat' dir='ltr'>Felicis</span> <span class='ocrx_word' id='word_1_124' title='bbox 397 2237 505 2302; x_wconf 86' lang='lat' dir='ltr'>meritc</span> <span class='ocrx_word' id='word_1_125' title='bbox 527 2237 614 2302; x_wconf 89' lang='lat' dir='ltr'>diues</span> <span class='ocrx_word' id='word_1_126' title='bbox 636 2237 693 2303; x_wconf 89' lang='lat' dir='ltr'>tibi</span> <span class='ocrx_word' id='word_1_127' title='bbox 714 2238 815 2322; x_wconf 85' lang='lat' dir='ltr'>gratia</span> <span class='ocrx_word' id='word_1_128' title='bbox 837 2234 963 2313; x_wconf 61' lang='lat' dir='ltr'>christu</span> 
     </span>
     <span class='ocr_line' id='line_1_20' title="bbox 263 2340 983 2406; baseline 0.003 -2"><span class='ocrx_word' id='word_1_129' title='bbox 263 2340 415 2405; x_wconf 85' lang='lat' dir='ltr'>caelifiucs</span> <span class='ocrx_word' id='word_1_130' title='bbox 438 2341 533 2405; x_wconf 86' lang='lat' dir='ltr'>etiam</span> <span class='ocrx_word' id='word_1_131' title='bbox 554 2342 656 2406; x_wconf 88' lang='lat' dir='ltr'>fontes</span> <span class='ocrx_word' id='word_1_132' title='bbox 677 2342 738 2405; x_wconf 91' lang='lat' dir='ltr'>huc</span> <span class='ocrx_word' id='word_1_133' title='bbox 761 2341 799 2405; x_wconf 87' lang='lat' dir='ltr'>ad</span> <span class='ocrx_word' id='word_1_134' title='bbox 821 2341 983 2406; x_wconf 83' lang='lat' dir='ltr'>traduxit</span> 
     </span>
     <span class='ocr_line' id='line_1_21' title="bbox 263 2444 979 2529; baseline 0.004 -22"><span class='ocrx_word' id='word_1_135' title='bbox 263 2445 383 2508; x_wconf 89' lang='lat' dir='ltr'>moenia</span> <span class='ocrx_word' id='word_1_136' title='bbox 405 2444 574 2526; x_wconf 80' lang='lat' dir='ltr'>Felicisque</span> <span class='ocrx_word' id='word_1_137' title='bbox 597 2446 667 2509; x_wconf 92' lang='lat' dir='ltr'>sinn</span> <span class='ocrx_word' id='word_1_138' title='bbox 689 2446 842 2529; x_wconf 83' lang='lat' dir='ltr'>gaudente</span> <span class='ocrx_word' id='word_1_139' title='bbox 863 2447 979 2511; x_wconf 89' lang='lat' dir='ltr'>lccatcs</span> 
     </span>
     <span class='ocr_line' id='line_1_22' title="bbox 176 2547 996 2616; baseline 0.002 -5"><span class='ocrx_word' id='word_1_140' title='bbox 176 2556 238 2611; x_wconf 81' lang='lat'>835</span> <span class='ocrx_word' id='word_1_141' title='bbox 263 2547 399 2616; x_wconf 89' lang='lat' dir='ltr'>diffluere</span> <span class='ocrx_word' id='word_1_142' title='bbox 421 2549 454 2612; x_wconf 92' lang='lat' dir='ltr'>in</span> <span class='ocrx_word' id='word_1_143' title='bbox 476 2549 589 2613; x_wconf 90' lang='lat' dir='ltr'>mnltas</span> <span class='ocrx_word' id='word_1_144' title='bbox 612 2548 717 2613; x_wconf 85' lang='lat' dir='ltr'>effusis</span> <span class='ocrx_word' id='word_1_145' title='bbox 740 2548 882 2614; x_wconf 86' lang='lat' dir='ltr'>amnibus</span> <span class='ocrx_word' id='word_1_146' title='bbox 904 2549 996 2613; x_wconf 90' lang='lat' dir='ltr'>urbes</span> 
     </span>
     <span class='ocr_line' id='line_1_23' title="bbox 261 2651 1060 2735; baseline 0.004 -20"><span class='ocrx_word' id='word_1_147' title='bbox 261 2651 337 2715; x_wconf 88' lang='lat' dir='ltr'>urbe</span> <span class='ocrx_word' id='word_1_148' title='bbox 358 2656 411 2716; x_wconf 87' lang='lat' dir='ltr'>tua</span> <span class='ocrx_word' id='word_1_149' title='bbox 433 2651 531 2716; x_wconf 88' lang='lat' dir='ltr'>iussit.</span> <span class='ocrx_word' id='word_1_150' title='bbox 554 2653 687 2718; x_wconf 87' lang='lat' dir='ltr'>famulos</span> <span class='ocrx_word' id='word_1_151' title='bbox 710 2652 824 2718; x_wconf 77' lang='lat' dir='ltr'>Christi</span> <span class='ocrx_word' id='word_1_152' title='bbox 845 2654 952 2735; x_wconf 83' lang='lat' dir='ltr'>loquor</span> <span class='ocrx_word' id='word_1_153' title='bbox 974 2653 1060 2733; x_wconf 90' lang='lat' dir='ltr'>istos,</span> 
     </span>
     <span class='ocr_line' id='line_1_24' title="bbox 254 2753 1074 2845; baseline 0.004 -27"><span class='ocrx_word' id='word_1_154' title='bbox 254 2772 316 2837; x_wconf 51' lang='lat' dir='ltr'>¹par</span> <span class='ocrx_word' id='word_1_155' title='bbox 336 2756 467 2820; x_wconf 87' lang='lat' dir='ltr'>inlustre</span> <span class='ocrx_word' id='word_1_156' title='bbox 489 2756 556 2845; x_wconf 71' lang='lat' dir='ltr'>dec,</span> <span class='ocrx_word' id='word_1_157' title='bbox 577 2753 659 2840; x_wconf 77' lang='lat' dir='ltr'>(par)</span> <span class='ocrx_word' id='word_1_158' title='bbox 680 2756 781 2821; x_wconf 87' lang='lat' dir='ltr'>nobile</span> <span class='ocrx_word' id='word_1_159' title='bbox 803 2757 927 2821; x_wconf 91' lang='lat' dir='ltr'>nomine</span> <span class='ocrx_word' id='word_1_160' title='bbox 950 2756 1074 2839; x_wconf 77' lang='lat' dir='ltr'>Christi,</span> 
     </span>
     <span class='ocr_line' id='line_1_25' title="bbox 260 2858 1033 2932; baseline 0.005 -10"><span class='ocrx_word' id='word_1_161' title='bbox 260 2858 375 2925; x_wconf 83' lang='lat' dir='ltr'>Albine</span> <span class='ocrx_word' id='word_1_162' title='bbox 396 2877 467 2922; x_wconf 87' lang='lat' dir='ltr'>cum</span> <span class='ocrx_word' id='word_1_163' title='bbox 489 2861 588 2923; x_wconf 87' lang='lat' dir='ltr'>matre</span> <span class='ocrx_word' id='word_1_164' title='bbox 609 2860 671 2923; x_wconf 88' lang='lat' dir='ltr'>tuis</span> <span class='ocrx_word' id='word_1_165' title='bbox 693 2860 783 2925; x_wconf 87' lang='lat' dir='ltr'>modo</span> <span class='ocrx_word' id='word_1_166' title='bbox 805 2858 918 2925; x_wconf 89' lang='lat' dir='ltr'>finibus</span> <span class='ocrx_word' id='word_1_167' title='bbox 940 2863 1033 2932; x_wconf 81' lang='lat' dir='ltr'>orcos,</span> 
     </span>
     <span class='ocr_line' id='line_1_26' title="bbox 259 2961 1086 3047; baseline 0.002 -21"><span class='ocrx_word' id='word_1_168' title='bbox 259 2961 389 3045; x_wconf 84' lang='lat' dir='ltr'>pignora</span> <span class='ocrx_word' id='word_1_169' title='bbox 410 2966 589 3027; x_wconf 86' lang='lat' dir='ltr'>cunctorum</span> <span class='ocrx_word' id='word_1_170' title='bbox 612 2967 788 3027; x_wconf 84' lang='lat' dir='ltr'>sanctorum</span> <span class='ocrx_word' id='word_1_171' title='bbox 811 2967 842 3027; x_wconf 88' lang='lat' dir='ltr'>et</span> <span class='ocrx_word' id='word_1_172' title='bbox 864 2964 978 3047; x_wconf 85' lang='lat' dir='ltr'>gaudia</span> <span class='ocrx_word' id='word_1_173' title='bbox 999 2964 1086 3045; x_wconf 86' lang='lat' dir='ltr'>caeli,</span> 
     </span>
     <span class='ocr_line' id='line_1_27' title="bbox 176 3065 1103 3149; baseline 0.003 -21"><span class='ocrx_word' id='word_1_174' title='bbox 176 3074 239 3129; x_wconf 85' lang='lat'>840</span> <span class='ocrx_word' id='word_1_175' title='bbox 261 3065 422 3129; x_wconf 90' lang='lat' dir='ltr'>Piniadem</span> <span class='ocrx_word' id='word_1_176' title='bbox 443 3065 560 3130; x_wconf 85' lang='lat' dir='ltr'>Melani</span> <span class='ocrx_word' id='word_1_177' title='bbox 583 3084 654 3130; x_wconf 91' lang='lat' dir='ltr'>cum</span> <span class='ocrx_word' id='word_1_178' title='bbox 676 3067 798 3131; x_wconf 87' lang='lat' dir='ltr'>foedere</span> <span class='ocrx_word' id='word_1_179' title='bbox 820 3086 875 3149; x_wconf 87' lang='lat' dir='ltr'>par</span> <span class='ocrx_word' id='word_1_180' title='bbox 897 3065 1103 3132; x_wconf 88' lang='lat' dir='ltr'>benedictum.</span> 
     </span>
     <span class='ocr_line' id='line_1_28' title="bbox 260 3170 988 3251; baseline 0.001 -18"><span class='ocrx_word' id='word_1_181' title='bbox 260 3170 315 3234; x_wconf 90' lang='lat' dir='ltr'>hcs</span> <span class='ocrx_word' id='word_1_182' title='bbox 339 3170 413 3234; x_wconf 89' lang='lat' dir='ltr'>deus</span> <span class='ocrx_word' id='word_1_183' title='bbox 437 3173 469 3234; x_wconf 90' lang='lat' dir='ltr'>et</span> <span class='ocrx_word' id='word_1_184' title='bbox 490 3173 579 3235; x_wconf 86' lang='lat' dir='ltr'>natos</span> <span class='ocrx_word' id='word_1_185' title='bbox 603 3170 712 3235; x_wconf 85' lang='lat' dir='ltr'>Felicis</span> <span class='ocrx_word' id='word_1_186' title='bbox 735 3174 766 3234; x_wconf 88' lang='lat' dir='ltr'>et</span> <span class='ocrx_word' id='word_1_187' title='bbox 787 3172 884 3234; x_wconf 88' lang='lat' dir='ltr'>ubera</span> <span class='ocrx_word' id='word_1_188' title='bbox 904 3172 988 3251; x_wconf 86' lang='lat' dir='ltr'>fecit,</span> 
     </span>
     <span class='ocr_line' id='line_1_29' title="bbox 260 3272 922 3357; baseline 0.005 -21"><span class='ocrx_word' id='word_1_189' title='bbox 260 3272 355 3336; x_wconf 88' lang='lat' dir='ltr'>ubera</span> <span class='ocrx_word' id='word_1_190' title='bbox 378 3273 499 3338; x_wconf 87' lang='lat' dir='ltr'>diuinae</span> <span class='ocrx_word' id='word_1_191' title='bbox 521 3274 667 3338; x_wconf 86' lang='lat' dir='ltr'>bonitatis</span> <span class='ocrx_word' id='word_1_192' title='bbox 689 3273 808 3357; x_wconf 87' lang='lat' dir='ltr'>proflua</span> <span class='ocrx_word' id='word_1_193' title='bbox 828 3276 922 3355; x_wconf 60' lang='lat' dir='ltr'>lacte,</span> 
     </span>
     <span class='ocr_line' id='line_1_30' title="bbox 260 3375 1089 3458; baseline 0.002 -19"><span class='ocrx_word' id='word_1_194' title='bbox 260 3396 276 3439; x_wconf 95' lang='lat' dir='ltr'>e</span> <span class='ocrx_word' id='word_1_195' title='bbox 299 3375 409 3458; x_wconf 91' lang='lat' dir='ltr'>quibus</span> <span class='ocrx_word' id='word_1_196' title='bbox 432 3378 531 3440; x_wconf 87' lang='lat' dir='ltr'>omnis</span> <span class='ocrx_word' id='word_1_197' title='bbox 554 3378 641 3458; x_wconf 83' lang='lat' dir='ltr'>inops</span> <span class='ocrx_word' id='word_1_198' title='bbox 664 3377 813 3441; x_wconf 85' lang='lat' dir='ltr'>alimenta</span> <span class='ocrx_word' id='word_1_199' title='bbox 834 3377 962 3442; x_wconf 90' lang='lat' dir='ltr'>fluentia</span> <span class='ocrx_word' id='word_1_200' title='bbox 984 3378 1089 3458; x_wconf 84' lang='lat' dir='ltr'>sumit,</span> 
     </span>
     <span class='ocr_line' id='line_1_31' title="bbox 259 3478 1055 3545; baseline -0.001 -1"><span class='ocrx_word' id='word_1_201' title='bbox 259 3478 358 3544; x_wconf 85' lang='lat' dir='ltr'>omnis</span> <span class='ocrx_word' id='word_1_202' title='bbox 381 3479 455 3543; x_wconf 89' lang='lat' dir='ltr'>item</span> <span class='ocrx_word' id='word_1_203' title='bbox 479 3479 565 3543; x_wconf 90' lang='lat' dir='ltr'>diues</span> <span class='ocrx_word' id='word_1_204' title='bbox 588 3481 772 3545; x_wconf 87' lang='lat' dir='ltr'>documenta</span> <span class='ocrx_word' id='word_1_205' title='bbox 795 3480 929 3545; x_wconf 87' lang='lat' dir='ltr'>salubria</span> <span class='ocrx_word' id='word_1_206' title='bbox 951 3482 1055 3545; x_wconf 90' lang='lat' dir='ltr'>sumit.</span> 
     </span>
     <span class='ocr_line' id='line_1_32' title="bbox 176 3582 1030 3666; baseline 0.005 -22"><span class='ocrx_word' id='word_1_207' title='bbox 176 3589 236 3644; x_wconf 79' lang='grc'>845</span> <span class='ocrx_word' id='word_1_208' title='bbox 259 3582 290 3646; x_wconf 87' lang='lat' dir='ltr'>hi</span> <span class='ocrx_word' id='word_1_209' title='bbox 314 3585 387 3646; x_wconf 90' lang='lat' dir='ltr'>sunt</span> <span class='ocrx_word' id='word_1_210' title='bbox 410 3601 479 3647; x_wconf 84' lang='lat' dir='ltr'>ecce</span> <span class='ocrx_word' id='word_1_211' title='bbox 492 3585 550 3666; x_wconf 71' lang='lat' dir='ltr'>grie</span> <span class='ocrx_word' id='word_1_212' title='bbox 574 3582 688 3648; x_wconf 83' lang='lat' dir='ltr'>Christi</span> <span class='ocrx_word' id='word_1_213' title='bbox 711 3586 748 3648; x_wconf 91' lang='lat' dir='ltr'>de</span> <span class='ocrx_word' id='word_1_214' title='bbox 770 3584 896 3649; x_wconf 89' lang='lat' dir='ltr'>flumine</span> <span class='ocrx_word' id='word_1_215' title='bbox 918 3585 1030 3665; x_wconf 70' lang='lat' dir='ltr'>fontes</span> 
     </span>
     <span class='ocr_line' id='line_1_33' title="bbox 259 3686 1045 3773; baseline 0.005 -25"><span class='ocrx_word' id='word_1_216' title='bbox 259 3686 310 3766; x_wconf 90' lang='lat' dir='ltr'>qui</span> <span class='ocrx_word' id='word_1_217' title='bbox 331 3703 392 3750; x_wconf 94' lang='lat' dir='ltr'>ncn</span> <span class='ocrx_word' id='word_1_218' title='bbox 415 3686 531 3751; x_wconf 82' lang='lat' dir='ltr'>risibili</span> <span class='ocrx_word' id='word_1_219' title='bbox 551 3707 606 3770; x_wconf 90' lang='lat' dir='ltr'>per</span> <span class='ocrx_word' id='word_1_220' title='bbox 629 3691 743 3752; x_wconf 90' lang='lat' dir='ltr'>terram</span> <span class='ocrx_word' id='word_1_221' title='bbox 765 3689 884 3773; x_wconf 89' lang='lat' dir='ltr'>gurgite</span> <span class='ocrx_word' id='word_1_222' title='bbox 907 3690 1045 3769; x_wconf 88' lang='lat' dir='ltr'>manant,</span> 
     </span>
    </p>
   </div>
   <div class='ocr_carea' id='block_1_3' title="bbox 153 3877 1287 4286">
    <p class='ocr_par' dir='ltr' id='par_1_3' title="bbox 198 3877 1287 3948">
     <span class='ocr_line' id='line_1_34' title="bbox 198 3877 1287 3948; baseline 0.001 -17"><span class='ocrx_word' id='word_1_223' title='bbox 198 3877 248 3931; x_wconf 82' lang='grc'>820</span> <span class='ocrx_word' id='word_1_224' title='bbox 266 3890 317 3943; x_wconf 87' lang='lat' dir='ltr'>qua</span> <span class='ocrx_word' id='word_1_225' title='bbox 334 3877 398 3945; x_wconf 91' lang='lat' dir='ltr'>AD,</span> <span class='ocrx_word' id='word_1_226' title='bbox 416 3893 482 3946; x_wconf 85' lang='lat' dir='ltr'>qnae</span> <span class='ocrx_word' id='word_1_227' title='bbox 500 3879 573 3932; x_wconf 78' lang='lat' dir='ltr'>Mar.</span> <span class='ocrx_word' id='word_1_228' title='bbox 625 3877 711 3931; x_wconf 81' lang='lat' dir='ltr'>Felice</span> <span class='ocrx_word' id='word_1_229' title='bbox 729 3879 818 3935; x_wconf 84' lang='lat' dir='ltr'>arente</span> <span class='ocrx_word' id='word_1_230' title='bbox 831 3881 899 3948; x_wconf 79' lang='lat' dir='ltr'>fort.</span> <span class='ocrx_word' id='word_1_231' title='bbox 950 3880 1001 3935; x_wconf 81' lang='grc'>826</span> <span class='ocrx_word' id='word_1_232' title='bbox 1018 3877 1185 3947; x_wconf 79' lang='lat' dir='ltr'>praenibristi</span> <span class='ocrx_word' id='word_1_233' title='bbox 1203 3878 1287 3934; x_wconf 51' lang='lat' dir='ltr'>cersi⁴¹</span> 
     </span>
    </p>

    <p class='ocr_par' dir='ltr' id='par_1_4' title="bbox 153 3961 1273 4286">
     <span class='ocr_line' id='line_1_35' title="bbox 155 3961 1272 4033; baseline 0.001 -18"><span class='ocrx_word' id='word_1_234' title='bbox 155 3961 344 4029; x_wconf 54' lang='lat' dir='ltr'>&amp;christetem</span> <span class='ocrx_word' id='word_1_235' title='bbox 358 3963 511 4030; x_wconf 85' lang='lat' dir='ltr'>paenituisti</span> <span class='ocrx_word' id='word_1_236' title='bbox 532 3965 589 4017; x_wconf 93' lang='lat' dir='ltr'>AD</span> <span class='ocrx_word' id='word_1_237' title='bbox 666 3966 716 4020; x_wconf 83' lang='grc'>828</span> <span class='ocrx_word' id='word_1_238' title='bbox 738 3964 874 4033; x_wconf 84' lang='lat' dir='ltr'>dai]adec</span> <span class='ocrx_word' id='word_1_239' title='bbox 895 3965 1154 4020; x_wconf 65' lang='lat' dir='ltr'>consarcinator</span> <span class='ocrx_word' id='word_1_240' title='bbox 1230 3978 1272 4016; x_wconf 90' lang='lat' dir='ltr'>cc-</span> 
     </span>
     <span class='ocr_line' id='line_1_36' title="bbox 153 4045 1272 4117; baseline 0.003 -20"><span class='ocrx_word' id='word_1_241' title='bbox 153 4045 218 4099; x_wconf 84' lang='lat' dir='ltr'>lcris</span> <span class='ocrx_word' id='word_1_242' title='bbox 230 4045 272 4101; x_wconf 93' lang='lat' dir='ltr'>A¹</span> <span class='ocrx_word' id='word_1_243' title='bbox 324 4049 501 4103; x_wconf 80' lang='lat' dir='ltr'>saanodisA</span> <span class='ocrx_word' id='word_1_244' title='bbox 553 4049 783 4117; x_wconf 87' lang='lat' dir='ltr'>830glaebisAD</span> <span class='ocrx_word' id='word_1_245' title='bbox 834 4049 945 4106; x_wconf 72' lang='lat' dir='ltr'>ascribi</span> <span class='ocrx_word' id='word_1_246' title='bbox 957 4049 1031 4103; x_wconf 86' lang='lat' dir='ltr'>diues</span> <span class='ocrx_word' id='word_1_247' title='bbox 1043 4052 1116 4105; x_wconf 65' lang='lat' dir='ltr'>Mirr.</span> <span class='ocrx_word' id='word_1_248' title='bbox 1163 4051 1212 4104; x_wconf 80' lang='lat'>837</span> <span class='ocrx_word' id='word_1_249' title='bbox 1225 4064 1272 4117; x_wconf 86' lang='lat' dir='ltr'>par</span> 
     </span>
     <span class='ocr_line' id='line_1_37' title="bbox 155 4132 1273 4205; baseline 0.001 -19"><span class='ocrx_word' id='word_1_250' title='bbox 155 4132 371 4200; x_wconf 51' lang='lat' dir='ltr'>Mammam</span> <span class='ocrx_word' id='word_1_251' title='bbox 448 4137 497 4190; x_wconf 87' lang='grc'>840</span> <span class='ocrx_word' id='word_1_252' title='bbox 515 4135 652 4188; x_wconf 78' lang='lat' dir='ltr'>Piniadem</span> <span class='ocrx_word' id='word_1_253' title='bbox 670 4136 707 4204; x_wconf 84' lang='lat' dir='ltr'>D,</span> <span class='ocrx_word' id='word_1_254' title='bbox 724 4134 829 4205; x_wconf 83' lang='lat' dir='ltr'>piniade</span> <span class='ocrx_word' id='word_1_255' title='bbox 847 4136 881 4205; x_wconf 90' lang='lat' dir='ltr'>A,</span> <span class='ocrx_word' id='word_1_256' title='bbox 899 4136 1025 4190; x_wconf 83' lang='lat' dir='ltr'>Piniadae</span> <span class='ocrx_word' id='word_1_257' title='bbox 1042 4136 1116 4191; x_wconf 79' lang='lat' dir='ltr'>Mar.</span> <span class='ocrx_word' id='word_1_258' title='bbox 1191 4136 1273 4190; x_wconf 77' lang='lat'>8430</span> 
     </span>
     <span class='ocr_line' id='line_1_38' title="bbox 155 4219 696 4286; baseline 0.009 -14"><span class='ocrx_word' id='word_1_259' title='bbox 155 4219 238 4286; x_wconf 70' lang='lat' dir='ltr'>Mur„</span> <span class='ocrx_word' id='word_1_260' title='bbox 256 4220 282 4273; x_wconf 83' lang='lat' dir='ltr'>et</span> <span class='ocrx_word' id='word_1_261' title='bbox 298 4220 355 4275; x_wconf 89' lang='lat' dir='ltr'>AD</span> <span class='ocrx_word' id='word_1_262' title='bbox 406 4223 456 4278; x_wconf 89' lang='grc'>844</span> <span class='ocrx_word' id='word_1_263' title='bbox 474 4220 622 4276; x_wconf 86' lang='lat' dir='ltr'>decimenta</span> <span class='ocrx_word' id='word_1_264' title='bbox 638 4223 696 4277; x_wconf 92' lang='lat' dir='ltr'>AD</span> 
     </span>
    </p>
   </div>
   <div class='ocr_carea' id='block_1_4' title="bbox 0 0 1464 4664">
    <p class='ocr_par' dir='ltr' id='par_1_5' title="bbox 0 0 1464 4664">
     <span class='ocr_line' id='line_1_39' title="bbox 0 0 1464 4664; baseline 0 0"><span class='ocrx_word' id='word_1_265' title='bbox 0 0 1464 4664; x_wconf 95' lang='lat' dir='ltr'> </span> 
     </span>
    </p>
   </div>
  </div>
 </body>
</html>
