2918 4664
84 327 92 349 ·
154 246 214 310 120
480 263 505 316 S.
518 261 650 316 Paulini
668 262 786 317 Nolani
803 263 947 332 episcopi

251 457 311 521 quo
333 437 412 502 bene
433 441 604 522 purgantur
626 438 767 519 nebulae,
791 437 901 520 quibus
923 439 1099 505 interiorem

189 552 229 606 40
252 542 410 607 abducunt
431 543 529 606 aciem
552 543 659 607 mundi
682 543 818 607 fallentis
842 561 971 625 amares,

251 647 304 728 qui
326 664 475 729 magnum
496 647 663 729 perinane
686 665 781 730 uagos
804 648 870 711 sine
893 647 1008 732 remige
1031 667 1140 713 sensus

252 751 466 833 circumagunt
487 749 697 832 hebetantque
719 752 806 834 graui
829 751 958 834 caligine
981 755 1086 833 captes

252 854 397 922 mallibus
420 853 593 935 inlecebris
616 857 651 918 ut
673 855 821 938 frangant
841 854 951 919 robora
973 857 1054 920 uitae

252 962 468 1042 sectenturque
492 976 584 1024 cauas
605 978 660 1040 per
682 960 793 1042 gaudia
814 957 933 1023 lubrica
953 978 1090 1043 pompas.

192 1071 231 1126 45
297 1063 353 1127 hos
375 1064 469 1146 igitur
490 1063 580 1128 nabis
603 1062 729 1145 cupiens
753 1066 890 1128 auertere
912 1063 1035 1129 morbos

253 1167 464 1232 omnimedens
487 1167 640 1247 dominus,
662 1170 785 1232 sanctes
807 1167 989 1232 mortalibus
1012 1169 1110 1252 aegris

252 1291 306 1355 per
328 1272 429 1335 uarias
451 1274 559 1354 gentes
582 1271 716 1336 medicos
738 1271 853 1354 pietate
875 1271 991 1336 salubri

253 1375 362 1451 edidit3
385 1379 479 1457 utque
502 1393 591 1440 suam
614 1375 718 1440 diuina
738 1376 876 1458 potentia
898 1393 1003 1440 curam

253 1479 366 1544 clarius
389 1482 536 1560 exereret,
557 1478 727 1562 potioribus
749 1479 855 1543 intulit
876 1479 945 1544 illas

192 1592 231 1646 50
254 1583 392 1666 urbibus,
414 1586 446 1647 et
468 1583 619 1666 quosdam
639 1583 713 1647 licet
734 1583 844 1667 oppida
865 1601 962 1667 parua
983 1588 1139 1649 retentent

254 1690 417 1770 martyras,
440 1690 472 1751 at
492 1704 634 1769 proceres
657 1687 732 1752 deus
755 1688 838 1771 ipsos
860 1688 1022 1754 moenibus
1045 1689 1155 1773 amplis

253 1791 360 1856 intulit
382 1794 413 1855 et
433 1809 549 1874 paucas
572 1792 693 1872 functas
717 1791 823 1856 diuisit
844 1791 876 1856 in
898 1809 978 1873 cras,

253 1914 329 1978 quos
352 1898 458 1960 tamen
480 1898 553 1959 ante
575 1895 694 1960 obitum
716 1898 780 1960 toto
803 1895 887 1960 dedit
908 1896 981 1961 orbe
1005 1898 1178 1980 magistros.

253 2000 324 2063 inde
346 1999 476 2063 Petrum
496 2002 530 2064 et
551 1999 684 2063 Paulum
705 1999 845 2064 Ramana
866 1999 934 2064 fixit
953 2001 985 2064 in
1008 1999 1094 2081 urbe,
1118 2043 1121 2051 ,

193 2111 231 2180 55
254 2102 443 2187 principibus
467 2104 610 2185 quoniam
634 2103 759 2167 medicis
781 2107 874 2185 caput
895 2102 978 2167 erbis
1001 2103 1113 2188 egebat

254 2208 361 2272 multis
383 2207 528 2270 insanum
550 2207 632 2273 uitiis
655 2225 842 2290 caecumque
865 2207 1009 2272 tenebris.

254 2311 308 2375 sed
329 2310 447 2394 potiore
470 2311 525 2380 dee
548 2313 686 2374 nestram
708 2328 850 2393 reparare
872 2311 1005 2374 salutem

254 2432 348 2497 quam
371 2412 483 2479 Satana
506 2420 611 2497 captos
635 2414 730 2478 etiam
752 2431 834 2478 nunc
856 2414 962 2478 fraude
984 2417 1090 2478 tenere

253 2521 414 2582 rarescunt
435 2517 580 2582 tenebrae
603 2517 720 2598 mundi,
743 2521 776 2581 et
797 2518 860 2582 iam
882 2535 979 2600 paene
1002 2536 1057 2601 per
1078 2537 1185 2583 omnes

193 2630 233 2685 60
255 2622 428 2705 praeualuit
448 2622 547 2704 pietas
565 2625 601 2686 et
623 2624 756 2687 mortem
777 2621 843 2686 uita
864 2619 996 2704 subegit.

255 2724 467 2790 crebrescente
489 2725 549 2789 fide
572 2725 672 2790 uictus
695 2725 839 2790 dilabitur
861 2742 953 2806 error,

183 2890 184 2893 ,
255 2833 287 2894 et
307 2847 401 2913 prope
424 2831 487 2893 iam
509 2830 602 2894 nullis
625 2831 731 2895 sceleri
753 2830 905 2913 mortique
927 2829 1042 2894 relictis

255 2936 320 2999 teta
341 2934 390 3016 pio
414 2932 528 2998 Christi
550 2938 692 2999 censetur
713 2934 838 2999 nomine
860 2934 968 3014 Roma,

255 3037 391 3101 inridens
413 3037 563 3121 figmenta
583 3037 704 3103 Numae
726 3038 777 3103 uel
798 3037 870 3102 fata·
885 3035 1028 3120 Sibyllae.

191 3150 231 3205 65
253 3159 386 3223 cumque
409 3142 503 3206 sacris
525 3141 579 3225 pia
600 3141 691 3207 turba
712 3141 807 3207 refert
828 3139 1002 3225 pasteribus
1024 3138 1127 3205 Amen
1230 3083 1286 3210 R

256 3243 310 3328 per
333 3263 498 3310 numerosa
519 3244 567 3310 dei
588 3245 747 3330 regnantis
769 3245 863 3310 ouilia
883 3245 1009 3309 laetum.

256 3348 399 3415 laudibus
423 3349 539 3413 aeterni
560 3348 676 3413 damini
696 3348 767 3414 ferit
788 3348 913 3412 aethera
934 3348 1049 3413 clamer

257 3456 383 3517 sanctus
406 3456 437 3518 et
458 3453 581 3517 incusso
604 3451 755 3535 Capitolia
776 3452 909 3516 culmine
931 3454 1051 3539 nutant

197 3679 232 3732 40
248 3670 418 3732 fallentef'D
485 3679 518 3733 41
538 3691 628 3744 mages
645 3677 675 3732 D
743 3675 813 3745 sine]
831 3677 854 3730 si
871 3677 952 3741 AD,
995 3677 1029 3731 44
1046 3677 1216 3749 retentamus
1231 3674 1274 3730 Α1

155 3779 233 3818 cauas
244 3764 468 3833 managam
515 3761 1139 3833 4855555ΔΕ,65(]55(5555555521)μῦ
1185 3764 1274 3818 4901-

155 3847 272 3920 aerezret
288 3851 318 3904 D
378 3853 411 3906 50
428 3849 507 3918 opida
523 3852 549 3902 Δ
605 3864 689 3919 parua
705 3850 733 3905 A
796 3852 830 3905 51.
846 3851 976 3919 martyras
994 3850 1054 3918 ΔΕ,
1071 3851 1203 3918 martyres,
1217 3850 1275 3903 AD

156 3938 184 3989 at
200 3936 260 4004 ΔΕ,
279 3935 312 3990 ad
330 3937 387 3991 AD
441 3936 512 4005 ipsos
530 3933 593 3989 deus
610 3936 667 3991 AD
718 3936 750 3992 53
768 3939 860 3990 tetaA
911 3939 944 3992 56
961 3935 1079 3991 uitisA¹
1131 3937 1164 3991 58
1182 3937 1276 3997 satana

156 4022 221 4090 AD,
238 4021 406 4077 sathaneeE
453 4021 570 4075 tenerill
621 4024 653 4077 61
671 4021 901 4077 crebresceutAD
952 4016 1126 4077 delabiturlf
1174 4023 1275 4076 beesce-

155 4106 254 4176 lerique
275 4109 333 4164 AD
401 4106 564 4176 64sybi11ae
581 4107 669 4163 ΑΒΕ
738 4109 771 4164 65
794 4107 875 4162 refert
896 4108 932 4177 E,
953 4107 1006 4161 fert
1023 4108 1087 4174 AD,
1108 4105 1177 4160 ferat
1198 4108 1273 4162 Mar.

155 4194 189 4249 66
205 4192 289 4248 laetus
306 4192 352 4249 D’
403 4196 436 4251 68
453 4193 565 4248 fulmine
582 4196 649 4250 ecci.
668 4195 742 4249 Mur.
