2918 4664
246 287 307 352 126
571 304 597 360 S.
609 305 742 361 Paulini
758 304 878 361 Nolani
895 305 1038 376 episcopi

346 479 512 562 perniciem
535 483 566 544 et
588 480 690 544 meriti
712 480 827 544 uirtute
849 480 1002 563 potentior
1025 480 1094 544 altis

263 590 322 646 215
346 582 525 648 uulneribus
548 584 676 648 ductum
698 603 790 667 super
811 585 915 649 ulcera
935 585 1038 667 putria
1059 585 1173 648 callum

346 687 510 767 scinderet,
533 690 568 751 ut
590 688 708 752 saniem
730 687 849 752 suffusa
869 687 940 752 labe
962 690 1100 752 coactam

345 791 527 874 exprimeret
551 790 669 855 sinibus
691 791 788 875 ruptis
812 809 848 855 ac
870 791 978 855 deinde
999 791 1143 855 lacunam

347 895 483 959 uulneris
506 896 641 977 expleret
661 896 756 977 plana
777 897 847 959 cute
869 895 962 960 ducta
983 895 1117 959 cicatrix.
1198 965 1202 972 ,

347 1016 419 1082 ergo
441 999 495 1064 ubi
515 999 644 1064 Nolanis
666 999 752 1064 Felix
773 1002 809 1064 ut
831 999 922 1064 stella
943 998 1078 1063 tenebris

264 1110 324 1166 220
347 1102 434 1166 fulsit
456 1102 494 1167 ab
517 1121 569 1167 ore
591 1103 641 1167 dei
662 1103 790 1168 ueniens
813 1101 1003 1184 uerbumque
1027 1102 1169 1166 medendi

346 1224 397 1270 ore
419 1225 540 1289 gerens,
563 1209 723 1288 tamquam
744 1210 876 1271 uenturo
898 1207 962 1272 sole
985 1224 1111 1270 serenus

346 1311 378 1373 in
401 1311 554 1374 matutino
575 1311 692 1374 laetum
714 1309 804 1375 iubar
826 1311 938 1375 exserit
959 1313 1028 1374 ortu
1167 1397 1168 1401 Ἰ

346 1413 546 1497 Phosphorus
568 1415 762 1496 occiduisque
785 1433 883 1479 nouus
905 1413 1080 1497 praefulget
1100 1413 1133 1477 in
1154 1411 1244 1477 astris

347 1517 474 1582 nuntius
495 1518 642 1582 instantis
664 1535 790 1607 cessura
811 1521 902 1582 nocte
925 1517 997 1582 diei:

264 1616 325 1685 225
349 1622 392 1700 sic
414 1621 477 1685 iam
499 1621 658 1706 euangeHo
680 1624 781 1686 totum
802 1622 942 1686 radiante
964 1640 1018 1705 per
1040 1619 1146 1684 orbem

347 1729 380 1789 et
399 1725 561 1808 propiante
583 1725 639 1790 deo
661 1726 780 1791 cunctis
802 1742 873 1790 mox
894 1726 994 1789 iudice
1017 1725 1106 1789 terris

347 1828 499 1893 aduentus
521 1829 634 1893 uexilla
656 1829 705 1894 sni
726 1830 900 1912 praetendit
915 1829 1034 1911 ubique

345 1950 461 2016 perque
483 1951 554 1998 suos
577 1931 717 1998 Christus
740 1951 797 1998 sua
819 1935 907 2016 signa
929 1935 1069 1999 coruscat
1091 1933 1214 1996 amicos.
1243 1945 1244 1948 ’

347 2054 384 2099 ex
406 2036 517 2118 quibus
539 2037 597 2101 hac
618 2037 716 2101 uoluit
737 2036 798 2101 sibi
819 2038 994 2119 praelucere
1017 2036 1074 2102 sub
1098 2054 1151 2100 ora

265 2148 326 2203 230
348 2139 493 2220 Felicem,
515 2144 552 2205 ut
572 2145 694 2206 nostras
715 2141 775 2206 isto
798 2140 975 2225 decerperet
996 2140 1122 2204 umbras

348 2244 446 2308 sidere
469 2247 501 2308 et
523 2245 663 2326 antiquos
685 2248 888 2327 ista'quoque
909 2245 1039 2328 pelleret
1060 2242 1135 2308 urbe

348 2348 524 2430 daemonas,
547 2352 582 2413 ut
602 2349 700 2434 pulsis
722 2349 883 2414 hominum
904 2350 942 2414 de
965 2349 1054 2414 corde
1076 2348 1192 2413 colonis

347 2452 461 2546 talibus
483 2453 614 2517 intraret
635 2471 727 2537 puras
750 2453 826 2517 deus
848 2453 949 2518 incola
970 2456 1101 2533 mentes,

348 2560 379 2621 et
400 2557 468 2620 uice
491 2559 611 2621 mutata
631 2557 720 2622 nobis
741 2557 857 2639 pietate
879 2557 987 2622 solutis

265 2668 325 2722 235
348 2663 454 2725 nostra
475 2661 559 2744 prius
581 2664 702 2725 nostros
723 2662 901 2742 premerent
922 2661 1013 2725 modo
1033 2661 1136 2725 uincla
1158 2660 1263 2724 leones

347 2763 462 2828 frustra
484 2764 516 2828 in
538 2782 611 2829 oues
634 2764 750 2830 Christi
772 2764 876 2829 uincta
896 2764 1017 2829 feritate
1038 2751 1215 2828 frementes.

348 2871 380 2931 et
402 2870 508 2932 manet
529 2868 606 2933 haec
628 2868 716 2933 nobis
739 2869 834 2933 etiam
856 2886 938 2933 nunc
959 2869 1068 2952 gratia,
1091 2884 1169 2949 quae
1191 2885 1248 2931 nos

347 2973 481 3055 peccatis
504 2990 594 3055 prece
616 2976 793 3036 sanctorum
816 2976 958 3037 exorante
979 2972 1107 3037 resoluit

350 3078 442 3157 atque
465 3074 564 3139 isdem
587 3076 701 3153 sanctis
723 3076 873 3141 ultoribus
895 3076 1011 3160 adligat
1031 3076 1100 3140 illos

267 3187 327 3242 240
350 3179 576 3261 discruciatque
598 3179 714 3260 hostes,
737 3180 867 3261 quinos
890 3180 1003 3243 uincire
1025 3177 1174 3243 solebant.

348 3283 381 3346 hi
403 3282 493 3346 modo
515 3286 550 3347 ut
570 3283 666 3347 inlato
689 3283 831 3366 deprensi
851 3283 970 3347 lumine
991 3283 1074 3347 fures

349 3389 441 3467 atque
463 3388 494 3449 in
517 3386 619 3451 uincla
641 3386 713 3468 dati,
736 3405 818 3451 nunc
839 3389 930 3469 ignea
950 3385 1048 3470 flagra
1068 3386 1199 3468 piorum,

290 3632 341 3686 214
358 3629 496 3698 pernitiem
511 3631 540 3684 D
591 3628 652 3682 altis
664 3629 727 3693 AD,
746 3627 793 3682 alti
806 3629 836 3683 Ε
884 3630 934 3683 215
953 3626 1096 3681 obductum
1109 3628 1166 3682 AD
1216 3626 1367 3682 21601110-

248 3717 361 3772 susaE
411 3719 459 3772 217
473 3717 622 3784 raptisAD
672 3718 723 3771 218
735 3714 902 3784 expleroAD
952 3716 1002 3770 220
1015 3713 1131 3768 fulxitE
1179 3715 1230 3768 222
1247 3712 1370 3768 exentE

247 3805 298 3859 223
314 3802 430 3857 fosforus
448 3804 505 3857 AD
567 3800 682 3857 occiduis
700 3816 765 3869 quae
776 3803 807 3857 D
856 3800 1003 3870 praefulget
1020 3801 1048 3853 in
1060 3801 1095 3867 E,
1112 3798 1289 3869 praefulgeret
1300 3800 1367 3869 AD,

246 3889 429 3958 praefulgurat
446 3890 520 3944 Matr.
589 3890 640 3944 224
656 3889 783 3942 instantes
800 3888 857 3942 AD
925 3889 975 3943 226
997 3886 1133 3956 propiante
1150 3887 1186 3953 E,
1207 3886 1368 3955 propitiante

247 3977 304 4031 AD
355 3978 406 4032 229
423 3975 520 4043 hacE,
537 3975 671 4029 haecAD
722 3976 772 4029 230
790 3972 938 4043 decerperet
949 3974 1014 4042 AD,
1032 3971 1214 4043 depelleretld
1267 3971 1367 4026 23101-

248 4062 322 4117 10001
338 4062 375 4131 (01
392 4061 453 4132 coc.)
471 4063 501 4115 D
550 4064 601 4117 232
620 4060 759 4114 daemones
775 4061 849 4115 Mor.
907 4061 957 4115 235
975 4060 1105 4129 premeret
1121 4059 1157 4126 A,
1173 4060 1320 4126 praemeret
1337 4058 1367 4113 D

247 4151 299 4205 236
320 4150 410 4204 uincto
425 4149 491 4218 AD,
512 4148 583 4203 uicta
600 4149 630 4202 E
696 4148 746 4203 239
768 4146 862 4200 iisdem
879 4147 910 4202 E
974 4148 1023 4201 241
1042 4144 1120 4199 modo
1142 4149 1197 4198 tam
1218 4144 1273 4197 lato
1290 4144 1365 4200 Mur.

248 4237 299 4290 242
317 4235 372 4289 dati
390 4253 440 4292 om.
458 4235 485 4290 A
