2918 4664
518 276 645 316 carmen
660 260 771 328 mil,
790 263 931 319 irs-173.
1219 245 1282 311 336

184 440 246 496 146
269 435 322 515 qni
344 440 450 500 temen
473 439 609 501 autnon
633 440 682 501 est
703 442 757 501 sut
777 437 805 501 si
827 439 876 500 est
896 435 1035 500 diabolus
1057 437 1123 519 ipse
1145 441 1203 517 est,

267 536 404 603 humane
424 539 531 622 generi
553 540 723 605 annuamus
747 544 837 604 antee
859 557 977 620 suasor,

267 645 299 706 et
319 645 507 707 uenerantur
528 662 610 724 eum,
632 644 685 726 qui
707 661 789 708 nunc
811 644 841 707 iu
863 644 987 708 nemine
1010 642 1124 708 Christi

267 749 299 810 et
320 747 426 811 tremit
448 750 479 811 et
500 748 614 829 pendet
635 765 752 830 suaque
774 747 877 812 emnia
898 748 980 812 facta
1000 747 1124 812 fatetur.

267 867 345 931 ques
372 868 461 915 mens
487 855 536 915 est
560 850 730 932 hominnm,
757 854 792 915 ut
817 870 872 934 pre
899 851 979 915 ueris
1006 851 1086 916 falsa
1106 852 1280 934 loquantur,

184 959 247 1014 150
270 954 322 1035 qui
343 954 511 1036 linquenda
532 955 637 1019 celnnt
659 958 826 1036 contraque
847 954 975 1020 colenda
994 956 1185 1036 relinquunt!

308 1056 370 1121 iam
393 1061 443 1122 set
464 1058 521 1122 erit
543 1058 632 1122 nebis
654 1076 752 1122 uanas
774 1075 898 1122 narrare
920 1059 1054 1123 timeres.

265 1160 340 1224 haec
363 1179 419 1244 ege
442 1165 554 1226 cuncta
574 1162 671 1245 prius,
694 1162 813 1226 clerum
834 1180 927 1244 qnam
949 1162 1055 1227 lumen
1077 1146 1218 1244 adeptus,

266 1282 377 1346 meque
400 1265 451 1330 diu
474 1266 625 1331 incertum
647 1270 680 1329 et
701 1269 749 1330 tet
769 1266 1004 1350 tempestatibus
1026 1270 1130 1331 actum

264 1372 372 1433 sancta
393 1369 521 1434 salutari
543 1370 678 1453 suscepit
699 1369 811 1434 eclesie
831 1373 922 1452 partu

181 1477 243 1533 155
265 1475 395 1554 postque
418 1491 513 1557 nages
535 1472 647 1538 fluctus
670 1475 836 1556 tranquilla
857 1474 929 1538 sede
951 1474 1075 1555 locauit,

263 1577 297 1639 ut
320 1575 394 1640 mihi
416 1577 480 1641 iam
501 1577 593 1641 liceat
614 1577 735 1642 detersa
757 1576 838 1642 nube
861 1578 1014 1642 malornm

264 1681 402 1763 tempere
424 1681 576 1764 premisso
598 1682 700 1745 lucem
723 1700 844 1764 sperare
867 1699 1018 1746 serenam.

264 1782 328 1847 iem
348 1785 431 1866 prior
451 1785 505 1850 illa
527 1786 621 1865 salus,
645 1803 739 1867 quam
760 1785 892 1869 perdidit
912 1786 1076 1850 immemor
1097 1784 1199 1850 Adam

263 1889 337 1950 tunc
359 1891 453 1953 uentu
476 1888 625 1953 suadente
647 1889 739 1970 male,
761 1908 843 1953 nunc
864 1889 980 1972 remige
1004 1886 1125 1966 Christe

181 1997 243 2053 160
266 1994 353 2056 eruta
374 1992 411 2056 de
434 1993 567 2076 scapulis
590 2012 712 2076 semper
734 2012 881 2058 mansura
902 1996 1052 2077 resurgat.

260 2099 359 2160 rector
382 2097 463 2161 enim
486 2102 591 2162 nester
613 2097 656 2161 sic
678 2098 814 2180 undique
836 2101 948 2161 cuncta
969 2097 1132 2181 gubernat,

261 2203 297 2264 ut
319 2201 410 2265 mede
432 2203 484 2284 qui
507 2201 595 2266 nubis
619 2220 753 2266 errorem
775 2202 889 2266 mentis
913 2201 1028 2265 ademit

260 2301 310 2367 hic
331 2306 459 2370 meliore
480 2306 531 2370 nia
552 2306 684 2390 paradisi
705 2306 814 2371 limina
834 2306 959 2388 pandat.

259 2405 331 2471 felix
352 2413 458 2473 nestra
480 2409 556 2473 fides
578 2411 632 2474 uni
654 2413 797 2492 certeque
819 2411 928 2474 dicata.

178 2516 238 2572 165
262 2528 342 2575 unus
365 2514 448 2576 eninr
469 2515 544 2577 deus
568 2517 624 2594 est,
648 2513 821 2578 substantie
842 2512 923 2576 filius
946 2530 1008 2577 una

260 2633 350 2697 unns,
372 2617 405 2680 in
427 2621 556 2698 utreque
578 2622 627 2681 est
648 2636 728 2681 unus
750 2619 847 2701 niger,
870 2636 933 2681 una
953 2621 1101 2700 potestas.

260 2737 394 2802 namque
416 2722 464 2784 dei
486 2720 616 2786 uerbum
638 2722 735 2803 patrie
758 2721 795 2785 de
817 2724 939 2803 pectere
963 2720 1103 2786 christus

260 2824 385 2889 emicuit
406 2843 587 2907 semperque
608 2825 676 2905 fnit,
700 2825 751 2906 qui
774 2843 835 2890 nen
856 2825 946 2907 qussi
968 2828 1069 2906 natus,

259 2943 310 2991 ere
333 2928 387 2992 sed
410 2947 552 3012 egressus
574 2929 666 2992 chaus
688 2928 764 2993 illud
786 2929 876 2992 inane
898 2929 1032 2993 remouit

176 3035 237 3091 170
260 3033 292 3094 et
312 3032 383 3096 tulit
403 3032 567 3097 informem
591 3035 750 3097 contextae
773 3034 871 3097 nectis
894 3033 1013 3097 hiatum

257 3135 474 3218 distribuitque
496 3137 571 3202 lecis
595 3156 678 3202 mere
701 3140 799 3202 terras
821 3143 893 3202 aera
915 3137 1036 3201 caelum

257 3238 366 3320 hisque
389 3241 473 3304 dedit
492 3242 649 3324 geminam
670 3241 760 3325 pulsa
782 3242 912 3325 caligine
935 3243 1045 3306 lucem.

257 3346 308 3407 ast
329 3344 382 3407 ubi
404 3348 514 3409 cuncta
537 3363 652 3409 nauum
675 3349 860 3430 stupuerunt
882 3365 1007 3428 surgere
1030 3347 1137 3426 selem,

199 3586 248 3639 146
264 3553 374 3652 humani
392 3588 429 3655 D,
446 3586 555 3640 humani
572 3590 599 3642 A
668 3588 769 3656 generis
787 3590 861 3643 Mur.
932 3591 980 3644 148
997 3587 1090 3658 pendit
1107 3589 1163 3643 AD
1231 3586 1270 3640 fe·

155 3669 245 3724 teutrrr
261 3673 319 3726 AD
371 3675 423 3728 152-
436 3680 497 3743 post
513 3674 587 3742 prius
604 3677 728 3730 beatem
746 3693 799 3730 esse
815 3693 887 3745 saep.
901 3678 984 3744 Mur„
1001 3674 1127 3730 timebam
1139 3676 1270 3743 Bursian,

156 3761 295 3812 ueneratus
314 3775 372 3812 sum
390 3762 433 3814 uel
449 3776 497 3828 pro
515 3761 584 3813 ueris
600 3760 682 3814 habui
698 3763 849 3832 suppetenda
866 3769 949 3818 censet
970 3763 1045 3818 Vobis
1105 3778 1184 3831 qnam
1201 3762 1270 3818 eone.

154 3843 285 3914 Decretum,
304 3862 364 3900 cum
381 3848 438 3901 AD
494 3847 574 3915 prins.
594 3847 700 3901 Clarum
719 3865 778 3901 sum
795 3848 884 3902 lumen
903 3849 1013 3917 adeptus
1030 3850 1074 3903 aet
1091 3848 1191 3903 clarum
1209 3864 1269 3902 cum

153 3928 243 3985 lumen
260 3932 384 4002 adeptum
400 3936 467 3989 cuni.
481 3935 569 4001 Vende·
586 3938 680 3988 cuneta
691 3935 751 4004 pius
769 3935 869 3988 clarum
886 3952 933 3989 nec
944 3936 1034 3989 lumen
1046 3938 1110 4005 fort.
1164 3937 1214 3991 154
1225 3951 1269 3988 e*-

154 4016 233 4072 clesis
249 4018 363 4089 (cuce.)
381 4021 410 4075 D
463 4023 511 4076 158
528 4020 762 4075 immemorandam
777 4022 846 4088 AD,·
863 4040 909 4077 em.
923 4023 997 4077 Mur.
1051 4025 1100 4079 159
1117 4024 1199 4076 uentu
1217 4021 1268 4086 D¹,

153 4121 215 4160 nero
233 4108 260 4160 A
343 4109 392 4162 160
410 4108 523 4175 resurgit
539 4113 602 4177 fort.
686 4111 735 4164 164
752 4124 804 4161 uno
821 4111 849 4164 A
935 4109 1022 4163 dicate
1038 4112 1080 4163 cst
1096 4111 1270 4166 Zecbmcteter

154 4193 389 4261 167peeetnreD
442 4196 491 4250 168
508 4194 673 4251 11111111.
728 4198 775 4252 171
794 4197 896 4250 aereA
