2918 4664
529 318 654 357 carmen
671 301 742 368 XXI,
755 304 898 359 lta-285.

280 487 340 542 205
364 479 517 560 mancipia
538 477 663 558 Christi,
685 478 803 543 nobiles
826 482 924 543 torrae
946 476 1040 560 prius,

363 601 444 647 nunc
466 600 538 647 uero
561 583 644 646 caelo
667 582 833 646 destinatos
855 581 981 661 incolas,

362 705 437 768 quos
460 686 599 752 Christus
621 686 697 770 ipse,
722 687 773 768 qui
795 687 913 750 crearat
934 685 1055 765 diuites,

361 791 418 854 hoc
440 791 623 873 paupercuit
644 791 775 871 soeculo,
798 790 829 854 in
851 809 982 873 regnum
1003 792 1039 854 ut
1061 807 1151 853 suum

360 895 474 958 terreni
495 893 619 959 honoris
642 912 712 958 arce
733 894 865 959 deiectos
887 893 995 957 uehat:

279 1007 340 1061 210
362 996 576 1080 Apronianum
598 997 725 1062 Tusciae
747 998 849 1080 gentis
872 997 974 1077 decue,

361 1105 461 1165 aetate
483 1119 622 1184 puerum,
645 1102 786 1165 sensibus
809 1101 908 1166 carnis
932 1119 1048 1179 senem,

361 1205 458 1269 ueteri
480 1207 621 1288 togarum
644 1204 777 1269 nobilem
799 1204 941 1286 prosapia

362 1308 416 1371 sed
438 1308 598 1373 clariorem
622 1307 793 1373 Christiano
816 1309 948 1387 nomine,

360 1413 414 1494 qui
436 1413 531 1477 mixta
552 1413 664 1477 ueteris
688 1416 719 1477 et
741 1413 816 1477 noni
835 1415 920 1476 ortus
942 1412 1040 1494 gloria

280 1524 339 1580 215
363 1520 453 1580 20122
476 1520 523 1581 est
544 1519 665 1582 senator
687 1517 797 1596 curiae,
820 1515 941 1581 Christo
963 1533 1072 1580 nouus.

360 1621 432 1686 huic
453 1622 637 1703 propinquat
658 1620 758 1685 socius
781 1621 901 1702 aequali
922 1620 993 1703 iugo

361 1743 437 1790 aeuo
459 1726 576 1790 minore
598 1725 754 1805 Pinianus,
776 1742 832 1806 par
853 1724 923 1805 fide,

362 1829 480 1911 etipse
501 1830 601 1915 prisco
624 1830 773 1912 sanguine
794 1829 932 1893 inlustris
955 1847 1040 1912 puer,

359 1932 392 1996 iu
413 1932 551 2016 principe
573 1931 648 1997 urbe
671 1932 804 1997 consulis
826 1933 919 2013 primi
941 1950 1047 2015 genus.

278 2044 338 2097 220
361 2035 502 2100 Valerius
524 2036 575 2100 ille
598 2036 750 2100 consulari
773 2039 935 2100 stemmate

359 2139 477 2222 primus
499 2140 618 2204 Latinis
640 2158 753 2204 nomen
775 2141 806 2203 in
828 2140 915 2204 fastis
938 2142 1057 2220 tenens,

360 2262 453 2325 quem
475 2244 575 2309 Roma
596 2243 693 2328 pulsis
715 2243 839 2327 regibus
861 2243 957 2308 Bruto
979 2241 1105 2323 addidit,

359 2347 463 2411 Valeri
484 2347 574 2412 modo
596 2348 686 2411 huius
709 2345 877 2412 Christiani
899 2346 1034 2412 consulis

362 2451 453 2534 longe
475 2455 644 2516 retrorsum
666 2453 786 2535 generis
809 2455 915 2516 auctor
937 2452 1073 2516 ultimus.

281 2563 340 2618 225
365 2573 381 2619 0
404 2573 484 2619 uena
506 2556 592 2619 felix!
615 2556 666 2620 ille
688 2555 797 2639 gentili
818 2556 890 2619 iicet

361 2676 461 2722 errore
483 2659 608 2723 iunctus
630 2659 688 2723 hoc
711 2677 784 2723 suae
806 2659 911 2740 stirpis
933 2657 1049 2723 bonurn

361 2780 421 2826 non
445 2763 546 2846 capiat
568 2767 634 2827 atro
656 2781 776 2827 mersus
798 2763 910 2826 inferni
931 2764 1010 2843 lacu,

360 2866 414 2930 sed
436 2885 492 2931 nos
515 2866 598 2930 fideli
619 2869 798 2931 contuentes
821 2866 939 2930 lumine

361 2973 512 3035 retroacta
533 2972 583 3035 uel
604 2971 778 3052 praesentia
798 2970 927 3034 humani
950 2973 1049 3034 status

279 3081 338 3136 230
362 3073 511 3138 miramur
533 3091 625 3158 opera
646 3075 809 3138 conditoris
832 3074 918 3138 ardui

362 3181 391 3241 et
412 3181 609 3261 praeparatos
632 3195 651 3242 a
672 3179 801 3243 uetustis
825 3177 954 3242 saeculis
975 3177 977 3181 ’

362 3284 590 3347 successionum
611 3282 811 3365 mysticarum
832 3282 921 3346 lineis

361 3385 426 3467 pios
450 3389 609 3466 stupemus
632 3385 785 3469 inpiorum
806 3384 899 3458 filios;

361 3489 519 3551 tamenin
542 3487 675 3552 tenebris
698 3489 851 3570 inpiarum
877 3488 1027 3551 mentium

279 3592 438 3656 23512012
460 3591 601 3656 uidemus
623 3592 770 3656 emicasse
793 3592 912 3656 semina

200 3888 251 3942 207
269 3887 368 3940 creauit
385 3887 460 3941 Mur.
534 3888 584 3942 210
601 3886 799 3955 Appronianum
817 3886 848 3940 E
916 3887 964 3941 211
984 3885 1080 3954 earnm]
1103 3886 1189 3940 cordis
1209 3889 1272 3956 fort.

153 3975 209 4031 214
227 3988 278 4041 quo
296 3974 326 4028 D
374 3976 423 4028 215
442 3971 539 4026 christo
556 3974 620 4035 AD,
639 3973 732 4026 christi
750 3973 780 4027 D
828 3974 877 4027 217
895 3972 995 4026 minore
1012 3974 1080 4029 coni.
1093 3973 1272 4040 Zeohmeistcr,

153 4059 244 4114 minor
262 4061 302 4112 est
319 4060 353 4129 D,
371 4060 457 4113 minor
474 4060 531 4114 AD
597 4059 739 4128 pinnianus
756 4059 787 4113 E
855 4060 905 4114 219
927 4057 999 4112 urbis
1021 4075 1054 4114 ec
1075 4057 1139 4112 urbe
1160 4061 1189 4114 D
1210 4064 1274 4116 022

154 4145 235 4216 primi
254 4145 358 4213 genitus
376 4147 410 4213 E,
432 4144 595 4214 primigenus
613 4146 685 4200 Mem
749 4141 931 4214 22011210ωὲ
951 4146 1002 4199 D·
1042 4144 1273 4201 22112222221

154 4235 208 4288 226
226 4248 312 4285 errore
330 4233 365 4300 D,
383 4235 480 4285 terrore
498 4232 555 4287 AD
605 4232 654 4287 232
673 4231 845 4301 mysticarum
863 4231 894 4285 E
945 4233 996 4286 233
1012 4231 1070 4300 pios
1088 4233 1122 4301 E,
1140 4235 1201 4301 post
1217 4233 1274 4287 AD
