2918 4664
480 274 606 315 carmen
622 257 718 325 XXXI,
729 259 872 315 248-890.
1169 236 1230 302 317

272 437 363 520 inque
384 435 434 502 dic
456 453 579 521 magno,
602 452 680 518 quae
702 451 785 499 nunc
807 432 973 518 absumpta
993 436 1138 517 putamus

324 557 459 624 corpora,
482 557 642 605 cernemus
666 556 790 623 surgere
812 540 877 602 tota
898 537 965 619 deo,

272 643 358 709 nulla
379 644 427 709 cui
449 646 561 708 natura
581 642 671 727 perit,
693 642 766 724 quic
788 641 930 724 quicquid
952 639 1065 724 ubique
1088 642 1136 705 est

323 765 413 812 omne
435 746 578 812 creatoris
599 745 751 811 clauditur
773 745 806 810 in
827 744 953 829 gremio.

170 859 230 915 275
274 866 350 933 quos
372 868 452 933 aqua
473 849 652 915 fluminibus
674 850 843 934 pelagoque
865 852 895 913 et
916 847 1051 931 piscibus
1073 841 1186 927 hausit,

322 972 399 1036 quos
421 954 561 1019 uolucres
584 957 615 1018 et
636 970 711 1036 quos
733 953 883 1034 diripuere
905 950 999 1032 ferae,

272 1061 398 1123 cunctos
419 1061 502 1122 terra
523 1057 580 1122 deo
601 1055 702 1137 debet,
724 1055 797 1138 quia
819 1073 895 1138 quos
917 1072 997 1138 aqua
1019 1054 1127 1118 mersit

322 1160 414 1226 litore
435 1161 486 1226 uel
507 1160 601 1225 fundo
624 1163 723 1225 strata
743 1160 859 1243 recepit
880 1159 1004 1240 humus,

273 1265 443 1349 quaelicet
465 1282 536 1345 una,
559 1268 664 1329 tamen
687 1277 747 1329 non
770 1281 831 1328 uno
854 1265 978 1346 sumpta
1000 1261 1170 1346 sepulchro,

172 1377 233 1434 280
327 1386 435 1453 sparsa
455 1369 530 1433 locis
552 1368 645 1432 laceri
667 1367 784 1432 limeris
807 1384 877 1431 ossa
898 1367 986 1449 tegit,

275 1475 306 1537 et
327 1472 399 1554 qnia
421 1474 621 1555 consumptus
644 1470 735 1535 simul
757 1472 789 1534 et
810 1473 1008 1553 consumptor
1029 1469 1062 1534 in
1083 1486 1144 1533 uno

325 1576 445 1642 telluris
467 1575 585 1660 gremio
607 1578 706 1640 morte
727 1575 851 1639 terente>
867 1574 991 1656 cadunt,

274 1680 340 1744 siue
360 1699 415 1763 per
438 1680 581 1763 egeriem,
604 1696 665 1761 qua
685 1697 753 1743 sese
775 1677 920 1742 animalia
940 1680 1084 1761 purgant,

324 1783 457 1848 reddunt
479 1783 604 1867 digestis
627 1782 767 1847 membra
788 1784 896 1847 ucrata
916 1781 1004 1862 cibis,

173 1894 233 1950 285
277 1887 448 1951 humanum
471 1905 580 1970 corpus
602 1886 827 1951 transfunditur
849 1904 885 1950 er
907 1885 1007 1950 alieno

326 2007 450 2074 corpore
472 2009 529 2055 nec
551 1990 651 2074 perdit
671 1990 737 2054 uim
758 1989 871 2074 proprii
892 1989 1022 2074 generis.

276 2094 330 2159 sed
352 2094 424 2159 licet
446 2113 462 2158 e
485 2093 632 2159 membris
654 2094 686 2158 in
708 2094 838 2159 humum
860 2094 1043 2159 transmissa
1064 2092 1169 2156 ferinis

326 2197 467 2262 membra
488 2197 649 2263 hominum
672 2197 743 2262 uiuo
765 2198 882 2262 semine
905 2197 992 2261 salua
1012 2198 1149 2276 manent,

276 2304 307 2366 et
328 2301 476 2366 moriente
498 2300 574 2382 fera,
596 2302 645 2366 cui
667 2302 745 2366 torte
768 2301 925 2365 cadaumis
948 2317 1019 2365 esca

175 2412 235 2469 290
330 2404 459 2469 humani
481 2404 583 2486 fuerit,
606 2404 753 2469 diuiditur
774 2404 862 2469 ratio.

276 2525 409 2591 namque
431 2507 548 2573 animal
569 2508 695 2572 rationis
717 2507 809 2572 homo
832 2510 889 2587 est,
915 2505 1044 2589 ideoque
1067 2510 1099 2571 et
1119 2506 1151 2570 in
1172 2505 1239 2589 ipso

327 2630 379 2676 rex
401 2611 469 2678 aliis
490 2614 629 2694 praestat
649 2629 773 2694 corpore
795 2610 983 2693 corporibus,

279 2714 359 2779 unde
380 2715 453 2779 licet
474 2714 573 2798 possit
595 2715 690 2779 mutis
713 2713 897 2779 animalibus
918 2712 1000 2778 idem

328 2818 442 2901 praeda
464 2817 539 2898 dari,
561 2821 665 2882 tamen
687 2817 736 2881 his
759 2820 840 2882 sorte
862 2816 942 2881 coire
965 2821 1066 2901 negat.

174 2929 234 2985 295
279 2921 344 2986 2212
364 2921 544 3004 resurgendi
565 2938 635 2986 caro
656 2924 838 3005 perceptura
859 2921 1008 3004 uigorem,

328 3042 407 3105 quae
428 3025 586 3089 rationalis
608 3041 664 3088 uas
687 3025 809 3089 animae
830 3024 932 3104 luerit,

278 3130 313 3192 ut
333 3127 477 3193 reducem
499 3127 590 3192 terris
611 3129 747 3192 animam
770 3145 907 3211 conpage
928 3127 1044 3192 reiecta

330 3231 392 3295 iam
415 3249 477 3296 non
497 3232 621 3315 lapsuro
643 3232 780 3316 tegmine
802 3231 959 3316 suscipiat,

280 3337 311 3398 et
332 3335 418 3399 uelut
438 3328 488 3398 hic
510 3335 594 3399 omni
615 3353 704 3399 mens
727 3338 759 3399 et
780 3353 849 3399 caro
871 3336 1009 3419 iungitur
1030 3338 1112 3415 actu,

175 3444 236 3503 900
331 3437 375 3502 212
397 3440 429 3501 et
448 3437 481 3501 in
503 3440 662 3502 aeternam
684 3439 746 3503 sint
767 3439 882 3503 sociata
904 3437 996 3519 diem,

169 3661 219 3714 275
242 3659 311 3713 ausit
333 3660 363 3728 Τ,
384 3659 475 3714 haurit
496 3659 569 3716 BOc
637 3663 686 3717 277
709 3660 756 3714 dec
774 3662 844 3714 terra
862 3662 896 3725 Β,
919 3659 970 3714 deo
987 3659 1102 3717 terraO
1170 3658 1243 3729 quia]

126 3743 214 3800 2212*
262 3746 313 3801 278
329 3745 419 3800 littore
435 3746 490 3801 BT
539 3748 588 3803 279
606 3745 670 3816 222]
689 3762 741 3800 una
758 3747 786 3801 B
838 3746 936 3816 sumta]
955 3748 1060 3815 compta
1076 3746 1144 3804 coni.
1161 3747 1243 3802 Zocl-

128 3831 231 3887 meter
292 3833 343 3889 280
359 3831 451 3902 laceri]
469 3831 566 3888 ccriT
623 3835 672 3888 281
691 3835 818 3888 unumT
874 3833 1122 3901 unum-gremium
1139 3833 1245 3888 mauolt

128 3919 300 3981 chlrmeistcr
351 3920 401 3975 283
419 3934 470 3988 qua
487 3934 542 3973 2222
553 3937 578 3987 c,
595 3934 659 3987 quas
671 3921 698 3973 et
709 3921 744 3987 B,
763 3934 814 3987 qua
826 3935 853 3973 22
869 3918 898 3987 O,
917 3934 1036 3989 quesere
1050 3920 1076 3975 T
1122 3921 1174 3976 286
1185 3935 1245 3988 per·

128 4000 169 4058 dit
185 4002 514 4072 mmecperciccnmc
565 4008 615 4062 287
628 4005 801 4075 scilicetfcrt.
854 4008 903 4061 291
918 4021 979 4059 nam
992 4005 1065 4074 da
1112 4004 1244 4062 293unde

129 4089 159 4157 T,
177 4087 239 4143 inde
255 4089 331 4145 BOo
408 4094 497 4160 posset
513 4090 606 4145 multis
625 4093 650 4146 Τ
723 4093 773 4148 295
791 4091 920 4162 uigorem]
939 4093 979 4146 est
995 4092 1057 4148 odd.
1070 4093 1245 4150 Zcolcmcs'stcr

128 4175 178 4230 297
196 4174 327 4231 auismT
379 4191 519 4246 cumpace
537 4177 564 4232 B
619 4178 671 4234 298
688 4176 800 4231 teemine
817 4178 845 4232 B
896 4179 947 4233 300
964 4162 1027 4232 cini
1043 4177 1086 4234 B¹
1137 4177 1245 4235 sinitO
