2918 4664
446 312 571 351 carmen
588 296 701 359 xxlln,
720 297 862 352 5311-587.

402 492 440 537 ne
462 473 629 537 misceatur
650 471 786 554 copulae,

352 594 443 658 quarn
466 578 670 658 consequatm
691 576 831 658 protinus
854 574 1018 656 captiuitas

248 687 308 742 560
402 680 566 744 infirmitas
590 683 620 744 et
641 679 785 760 caecitas,

350 784 423 848 licet
444 784 495 848 ille
518 784 605 848 fortis
627 785 735 866 postea
755 781 906 864 receperit

401 888 494 952 robur
516 887 641 952 recretis
663 886 797 951 crinibus

353 1009 508 1074 manuque
531 991 641 1055 ductus
664 991 701 1055 de
723 992 805 1057 mola
828 990 866 1055 ad
887 988 1052 1054 ludibrium

403 1096 523 1159 hostilis
547 1093 731 1159 exultantiae

354 1198 385 1261 in
407 1199 554 1262 caecitate
577 1197 710 1280 eorporis
733 1199 837 1261 mente
860 1197 983 1261 intuens
1013 1267 1016 1273 ⁴

404 1303 521 1366 uocarit
543 1302 675 1366 ultorem
699 1301 800 1365 deum.

353 1408 383 1469 et
404 1407 546 1470 restituto
569 1423 640 1469 mor
662 1405 781 1488 capillis
803 1405 911 1469 robore

403 1509 571 1590 prostrauit
591 1510 736 1574 hostilem
759 1508 900 1598 domum3

354 1613 439 1677 cuius
463 1613 622 1677 columnas
644 1613 751 1677 tottior
773 1614 853 1676 saxis
877 1629 988 1676 manus

406 1722 441 1782 ut
463 1718 575 1782 clausit
597 1718 739 1800 amplexu
763 1716 861 1800 graui,

354 1822 500 1904 conlapsa
522 1821 627 1885 fulcris
651 1824 734 1885 tecta
756 1820 914 1885 subductis
936 1819 1030 1884 humo

405 1924 540 1989 cecidere
563 1925 595 1989 in
617 1925 732 2008 ipsum3
757 1923 811 1988 sed
833 1927 939 1988 tamen

355 2033 386 2094 et
407 2032 505 2093 morte
527 2026 585 2114 (in)
607 2029 674 2112 ipsa
695 2032 879 2111 praepotens
902 2029 991 2093 horos
1014 2028 1062 2091 dei

406 2134 510 2198 hostes
532 2133 639 2196 ruinae
662 2133 785 2197 miscuit

294 2279 302 2298 .
357 2239 388 2300 55
409 2237 542 2320 gloriosa
564 2238 662 2300 morte
685 2235 830 2318 pensauit
852 2235 911 2300 sibi

405 2340 489 2404 uitae
511 2339 656 2403 subactae
678 2339 819 2404 dedecus.

356 2445 408 2525 qui
431 2463 538 2508 seruus
560 2444 648 2508 hoste
670 2444 820 2527 gloriante
842 2444 967 2523 uixerat,

406 2547 494 2612 hoste
516 2547 625 2611 obruto
648 2549 745 2612 uictor
767 2547 850 2610 cadit

357 2654 388 2715 et
408 2653 498 2734 plura
519 2651 652 2715 moriens
673 2651 829 2715 interemit
851 2650 945 2731 milia,

254 2763 313 2819 580
409 2774 500 2837 quam
523 2756 614 2819 uiuus
637 2754 840 2819 interfecerat.

356 2859 494 2924 imitetur
516 2858 611 2923 istam
632 2857 713 2935 filius
736 2860 840 2923 noster
861 2858 931 2922 uolo

408 2963 453 3026 sic
475 2966 573 3027 morto
595 2965 737 3042 mortem,
760 2965 795 3026 ut
815 2979 1000 3043 permanens

356 3067 388 3130 in
411 3085 501 3130 earne
524 3084 647 3130 carnem
669 3065 773 3130 uincat
797 3068 828 3129 et
849 3065 936 3129 uiuat
958 3064 1024 3144 deo,

408 3173 534 3253 peecata
555 3169 655 3234 earnis
678 3169 863 3252 opprimens,

256 3278 315 3335 585
360 3273 413 3337 sed
436 3275 505 3338 nolo
528 3274 628 3337 earnis
650 3273 771 3356 gaudiis
793 3277 829 3337 ut
850 3272 956 3337 noxiae

409 3378 484 3442 dolis
508 3377 652 3441 subactus
675 3377 808 3441 feminae

359 3481 479 3545 addicat
502 3482 649 3562 animum,
671 3484 780 3563 postea
801 3481 855 3546 fiat
877 3480 1024 3561 hostium,

145 3706 196 3760 559
214 3704 354 3774 captiuitas
371 3703 512 3759 infirmitas
529 3723 553 3775 o,
571 3704 711 3759 infirmitas
730 3706 868 3775 captiuitas
886 3705 941 3760 ΒΟ
992 3705 1040 3760 561
1060 3702 1182 3773 reciperit
1197 3702 1219 3759 O

102 3791 154 3846 562
171 3789 264 3844 robore
281 3791 359 3847 oretis
370 3792 398 3846 Β
449 3794 500 3850 568
516 3793 657 3862 prostrarit
675 3794 837 3863 eoaioopeas
853 3809 913 3848 cam
929 3791 1111 3861 superenatet
1127 3791 1219 3846 Soocb.

103 3876 312 3946 5731511555,
330 3879 467 3935 ooaBOo
535 3878 697 3935 57551510
770 3881 820 3935 576
837 3877 965 3932 subducte
982 3879 1010 3933 Β
1078 3879 1127 3933 577
1145 3876 1219 3932 hoste

102 3963 202 4033 Rosoo,
218 3962 302 4018 hostis
319 3965 394 4021 BOo
454 3964 539 4019 hostis
557 3964 694 4034 gloriantis
713 3967 780 4021 ooat.
794 3964 968 4022 Zecbmeiater
1035 3962 1220 4032 scoplano,

102 4049 218 4118 plurima
228 4050 283 4106 ΒΟ
334 4053 384 4109 582
396 4051 419 4105 si
429 4052 456 4106 Β
508 4054 558 4108 583
571 4067 648 4106 carne
660 4067 764 4106 earnem
776 4069 808 4107 ex
820 4052 903 4105 morte
915 4053 1028 4105 mortem
1039 4068 1105 4107 coer.
1117 4051 1145 4105 Β
1157 4070 1191 4107 m.
1202 4055 1221 4107 2

104 4136 155 4191 584
172 4135 303 4204 oprimens
321 4137 348 4191 Β
420 4141 470 4194 585
488 4137 542 4191 solo
563 4137 586 4193 0
663 4142 712 4195 587
729 4138 830 4207 postea]
849 4140 876 4192 et
891 4137 989 4206 praeda
1007 4138 1074 4194 coni.
1086 4137 1220 4207 11555555,

103 4224 164 4291 post
180 4223 207 4276 ot
222 4224 266 4306 ael
283 4223 391 4309 posthae
407 4226 470 4292 scot.

154 4315 215 4358 xxx.
229 4316 313 4358 neurim
326 4317 373 4359 not.
387 4317 486 4360 emina.
1037 4316 1072 4364 15
