2918 4664
606 276 783 331 Praefatio.
1159 278 1253 332 XXIII

135 451 304 533 composita
330 451 543 534 complectitur
569 455 600 516 et
624 454 746 533 praeter
774 452 909 516 codicem
936 452 1167 517 Bruxellensem
1192 451 1251 537 (B)

135 573 228 637 supra
250 555 313 618 iam
336 555 523 638 descriptum
545 554 685 638 pluribus
706 555 795 619 libris
817 556 955 636 traditur,
979 556 1031 638 qui
1053 559 1140 620 sunt:

177 658 278 724 (lodex
290 657 514 724 Ambrosianus
531 657 564 724 O.
578 656 620 721 74
631 677 698 741 sup.
711 660 768 724 col.
781 659 843 724 bin.
856 660 876 723 f.
892 657 950 722 141
968 660 1097 724 membr.
1116 679 1139 724 s.
1149 660 1252 742 VIIII,
1296 659 1326 723 A

136 781 229 844 quem
254 763 474 829 Reifferscheid
495 763 527 828 in
548 760 684 825 Petrum
706 761 762 827 lat.
779 760 854 827 bibl.
870 761 946 829 Ital.
961 762 994 828 II
1008 782 1037 846 p.
1054 762 1181 827 ot-to
1203 764 1254 828 de·

137 865 269 949 scripsit,
299 865 550 949 quaternionibus
576 865 758 931 XI—XIIII
779 864 917 934 Paulini
937 865 1157 931 Petrecordiae
1182 867 1253 951 (sic)

134 967 269 1034 Natales
298 967 388 1032 XIII
413 969 556 1034 continet.
594 971 707 1053 pugr'na
735 970 836 1052 prima
860 971 936 1034 haec
963 970 1099 1035 exhibet:
1132 968 1172 1032 Ia
1198 971 1255 1034 boc

134 1071 298 1136 uolumine
318 1071 413 1160 infra
433 1072 649 1137 continentur:
672 1071 819 1137 Vocontii
834 1071 972 1140 Hononii
991 1072 1165 1136 Fortunati
1182 1095 1256 1159 poe·

134 1185 224 1240 mata
251 1175 367 1260 omnia,
394 1174 544 1239 Anatonis
566 1174 764 1240 Subdiaconi
781 1198 896 1262 poema
921 1175 959 1240 de
985 1175 1067 1240 actis
1093 1175 1253 1262 aplooum,
1293 1175 1295 1180 ’

136 1277 168 1345 S.
188 1279 328 1344 Paulini
352 1279 551 1344 Petnecordie
577 1279 666 1364 (corr.
686 1281 718 1346 in
739 1277 875 1366 Nolani)
902 1278 1038 1344 Natales
1063 1279 1152 1345 XIII
1174 1280 1254 1345 editi

134 1406 157 1447 a
181 1382 277 1449 mate
295 1382 381 1449 Ant.
405 1382 588 1448 Menatonio
617 1381 664 1468 (S.
686 1382 1051 1448 Paulini-Macatonio
1078 1385 1146 1450 add.
1170 1404 1253 1451 man.

134 1487 265 1572 recens),
284 1485 422 1551 Paulini
436 1485 548 1551 Petrae
568 1487 754 1552 concordiae
770 1486 840 1571 (sio)
850 1508 966 1575 poema
981 1487 1019 1551 de
1033 1487 1107 1551 Vita
1121 1484 1153 1552 S.
1166 1486 1254 1552 Man-

136 1589 208 1675 tini,
224 1589 376 1677 Ibospeni
386 1600 547 1677 poemata,
562 1588 715 1676 Aquiliai
730 1589 868 1659 quenci
881 1588 1031 1656 Poemata
1044 1590 1254 1678 Euanpelica,

135 1693 311 1781 Praecepta
329 1693 469 1758 moralia
484 1715 565 1779 quae
579 1693 677 1781 uulpo
692 1691 808 1759 Catoni
822 1692 1022 1778 tribuuntur,
1042 1693 1165 1758 Isidori
1180 1694 1254 1758 His·

131 1798 276 1883 palenns
308 1804 421 1862 uenam
453 1798 491 1862 de
524 1797 630 1863 titulis
663 1795 884 1862 Bibliothecae.
929 1798 1014 1861 bunc
1048 1796 1184 1862 codicem
1216 1821 1254 1862 ecc

135 1900 336 1966 Bibliotheca
350 1900 448 1988 Bobij
470 1898 538 1966 αδ.
554 1898 749 1966 Columbano
772 1900 923 1965 instituta
944 1900 1144 1987 desumptum
1164 1901 1254 1966 Ill'¹⁰.

137 2003 234 2070 (land.
249 2004 402 2069 Fedenico
425 2004 638 2068 Bombomaeo
659 2004 699 2069 B.
720 2001 834 2069 Caroli
854 2003 1003 2090 patrueli
1028 2003 1105 2068 dum
1127 2002 1255 2068 Ambra

136 2108 264 2172 nattam
288 2107 509 2173 bibliothecam
530 2108 702 2172 instrueret
723 2117 752 2172 et
773 2108 1008 2194 manuscriptos
1024 2107 1145 2173 codices
1159 2108 1253 2178 uadi·-

138 2233 196 2297 que
219 2212 427 2297 conquireret,
450 2210 685 2299 nelipiosissimi
702 2222 814 2298 patres
834 2211 902 2277 ond.
918 2209 1086 2277 Benedicti
1107 2211 1255 2283 uicisiim

136 2313 176 2379 ab
198 2315 270 2401 ipso
293 2314 384 2380 Iit-⁰.
407 2314 510 2380 simili
530 2336 659 2379 munere
681 2315 873 2400 compensati
899 2315 1127 2380 humanissime
1153 2316 1254 2381 tradi.-

136 2419 261 2484 denuat.
305 2417 398 2483 Anno
431 2420 516 2483 1606
548 2417 686 2482 Antonio
719 2417 845 2505 Olpiato
877 2416 1108 2483 Ambrosianus
1132 2418 1254 2484 Biblio

137 2523 243 2588 thecae
264 2544 361 2609 quam
375 2523 506 2608 primia
527 2522 667 2586 omnium
689 2522 846 2587 tractauit
867 2520 1044 2609 Praefecto.

180 2628 238 2692 Post
266 2629 359 2712 igitur
387 2629 439 2692 ille
468 2628 561 2693 codex
587 2628 712 2693 maximi
733 2627 826 2709 pretii
847 2627 928 2693 unde
949 2627 1138 2692 Muratorius
1164 2631 1254 2709 quat-

137 2736 207 2796 tuor
233 2733 370 2796 camina
396 2733 514 2815 primus
537 2732 631 2796 edidit
658 2728 833 2815 (Anecdota
855 2750 936 2814 quae
957 2739 1003 2793 “aa
1023 2727 1254 2795 Ambrosianae

138 2834 342 2899 titttottecae
369 2833 532 2899 codicibus
558 2855 645 2898 nunc
665 2833 812 2920 primum
838 2832 933 2917 enuit,
960 2832 1043 2897 aaa
1070 2856 1109 2898 ac
1130 2832 1254 2919 disqui⁴

136 2936 307 3002 titionibus
340 2948 434 3025 aupet
465 2936 651 3002 Madouicus
687 2934 846 3000 Antonius
879 2935 1093 3010 Mauretanias.
1135 2935 1254 3001 Medio

137 3041 209 3106 lani
231 3042 458 3127 teet-1698)
483 3060 636 3125 quemque
657 3041 701 3106 ita
722 3042 892 3125 praedicat:
929 3039 1052 3104 Incidit
1077 3039 1114 3104 ia
1139 3061 1254 3105 manus

137 3167 221 3210 meas
240 3144 500 3230 antiquissimum
518 3144 676 3227 notamen,
696 3144 732 3206 in
747 3165 807 3229 quo
819 3142 967 3208 Venaatii
980 3142 1165 3228 Fortunati,
1179 3142 1254 3208 Pro

137 3249 233 3335 speci,
245 3248 391 3333 quenci,
399 3247 549 3312 Auctoris
560 3247 760 3332 alienumque
770 3256 913 3311 newsum
925 3247 1173 3310 christianorum
1185 3269 1253 3311 can·-

136 3352 226 3417 mina
245 3350 495 3417 continebantur.
520 3352 594 3441 Tres
616 3361 645 3415 et
664 3350 766 3415 decem
785 3347 817 3415 S.
833 3348 970 3413 Paulini
988 3349 1114 3414 natales
1135 3347 1184 3414 ibi
1205 3371 1253 3414 ea·

137 3465 246 3520 aratos
256 3455 379 3537 inueni,
395 3478 471 3542 quos
484 3477 554 3519 cum
564 3453 912 3541 Dunpalifnapmeatis
928 3452 1058 3518 collatos
1068 3475 1253 3541 pannonum

133 3560 285 3646 protinus
300 3559 384 3624 tanti
398 3559 566 3646 scriptoris
573 3557 700 3646 foetum
714 3557 796 3622 mibi
811 3567 840 3621 et
854 3554 924 3621 orbi
940 3555 1088 3621 literaria
1102 3578 1172 3621 sum
1182 3580 1257 3645 pra·¹

138 3664 270 3728 tulatus.
287 3662 392 3730 Coden
405 3662 622 3728 uenerandum
635 3661 724 3748 sapit
738 3669 935 3727 uetustatem.
955 3658 1163 3726 Gbaractenes
1177 3682 1253 3747 qua·

137 3766 237 3850 droti,
256 3790 296 3831 ac
313 3766 532 3851 minutissimi,
551 3766 696 3852 miraque
715 3774 880 3830 uenustate
898 3763 995 3830 nectis
1014 3763 1109 3829 lineis
1123 3764 1208 3830 inter
1221 3787 1253 3830 se

137 3870 284 3936 distincti
304 3871 418 3955 seculo,
440 3880 477 3935 ut
498 3870 650 3954 arbitror,
671 3891 752 3933 nono
774 3866 931 3934 elaborati
945 3867 1053 3956 fuere.

180 3975 303 4041 Paulini
328 3977 447 4042 natales
469 3977 490 4040 f.
507 3973 545 4038 tt
568 3976 717 4059 incipiunt
742 3974 840 4057 spatio
867 3992 965 4039 uacuo
988 3974 1068 4055 quod
1091 3974 1196 4039 titulos
1223 3977 1255 4040 et

137 4099 246 4146 uersus
267 4080 383 4163 primos
411 4079 563 4162 exciperet
588 4080 707 4154 cellcto;
745 4097 818 4143 nam
843 4072 1002 4162 inscriptIo
1030 4095 1123 4160 supra
1148 4081 1254 4143 nonu

138 4181 275 4249 Paulini
295 4181 516 4249 Petrocondiae
536 4181 672 4248 Natales
693 4181 783 4245 ΧΙΙΙ
799 4182 977 4269 recentioris
1001 4199 1111 4249 manus
1134 4185 1194 4248 est:
1287 4263 1289 4268 Α
