2918 4664
8 329 10 335 ¹
154 294 197 362 20
483 311 509 366 S.
522 311 653 367 Paulini
671 311 788 367 Nolani
805 311 948 381 episcopi

191 578 193 581 Ι
257 491 355 555 uitam
377 489 505 570 tenebit,
529 507 590 554 non
612 487 730 553 tenebit
751 488 890 574 gloriam.

258 594 330 676 quia
351 610 442 657 carne
464 592 576 674 uictus,
598 594 703 658 mente
725 611 787 658 non
809 610 918 658 uersus
939 596 1056 672 tamen,

198 706 238 761 40
261 697 320 762 etsi
342 698 463 781 negarit
484 696 621 762 debitam
642 697 706 780 legi
727 695 829 778 fidem,

257 821 312 884 per
334 802 434 867 multa
456 819 546 884 saepe
569 801 731 867 deuolutus
754 796 891 881 crimina,

259 910 364 970 temen
385 905 458 970 fidei
480 924 593 971 nomen
616 908 777 970 aeternnm
799 923 921 989 gerens,

258 1028 428 1093 numquam
451 1010 559 1074 salutis
583 1008 720 1074 exulabit
741 1007 863 1073 finibus.

258 1114 369 1178 idcirco
392 1114 495 1178 cuncti
517 1131 599 1178 nunc
620 1114 653 1177 in
674 1113 734 1178 isto
757 1113 889 1193 saeculo,

196 1227 235 1282 45
260 1220 334 1284 dum
356 1220 452 1284 currit
474 1222 558 1283 aetas
582 1221 613 1284 et
635 1218 701 1283 dies
724 1218 793 1283 aeui
814 1219 911 1301 patet,

258 1327 359 1388 rectas
382 1341 510 1407 agamus
534 1323 660 1387 semitas
681 1321 770 1386 firmo
794 1321 871 1406 pede

258 1445 315 1491 nec
338 1427 512 1492 deferamur
533 1426 652 1491 lubrico
673 1426 755 1490 letae
778 1426 859 1500 uiae;

258 1534 397 1614 praestat
418 1549 473 1613 per
495 1534 596 1595 ortum
619 1530 800 1594 dimicantes
822 1529 978 1594 tramitem

258 1634 419 1700 laboriosis
441 1635 566 1699 introire
588 1632 716 1699 nisibus.

198 1747 237 1802 50
261 1739 329 1803 uias
350 1739 502 1804 bonorum
523 1739 624 1803 lactus
647 1738 787 1823 agnoscit
808 1737 894 1818 deus,

261 1845 294 1908 a't
314 1843 468 1925 inpiorum
490 1861 622 1927 pronum
643 1842 702 1908 iter
724 1842 884 1907 delebitur.

675 2085 762 2151 VIII.

262 2259 323 2325 (lur
344 2264 453 2344 gentes
476 2260 630 2325 tremuere
653 2263 684 2325 et
705 2259 809 2324 inania
831 2277 885 2324 cur
906 2257 1047 2322 meditati
1074 2282 1079 2289 ·

261 2368 334 2429 sunt
355 2363 481 2447 populi?
504 2362 691 2429 adstiterunt
711 2381 852 2448 proceres
875 2381 946 2426 cum
968 2360 1092 2444 regibus
1116 2361 1173 2425 act'

261 2468 427 2532 aduersum
450 2466 609 2531 dominum
631 2469 663 2531 et
686 2466 842 2533 Christum
865 2482 981 2530 uesana
1002 2465 1183 2530 frementes:

261 2572 386 2636 uincula
405 2585 597 2653 rumpamus,
619 2571 691 2655 iuga
714 2570 914 2635 discutiamus
936 2586 1051 2633 eorum.

222 2684 239 2738 5
262 2676 316 2758 qui
338 2680 445 2741 manet
467 2677 589 2740 aeterno
612 2677 685 2740 totis
708 2674 917 2741 moderamine
938 2673 1042 2754 caelis,

261 2778 407 2845 inridebit
428 2798 480 2844 eos
502 2780 643 2863 iustaque
664 2780 807 2863 loquetur
829 2778 861 2843 in
883 2764 931 2843 ira

262 2882 453 2966 terribilique
475 2882 580 2948 minax
601 2884 696 2949 uerbo
718 2882 857 2948 turbabit
877 2882 1013 2964 iniquos:

263 2989 313 3052 ast
334 3006 390 3070 ego
412 3006 465 3052 rer
487 2987 525 3051 ab
549 3005 589 3054 eo,
605 2986 696 3071 parili
717 2987 834 3053 dicione
857 2989 987 3066 creatur,

161 3120 163 3123 ·
262 3094 462 3174 praeceptum
485 3089 600 3155 domini
622 3077 713 3174 super
736 3091 854 3155 almum
874 3090 1017 3173 praedico
1040 3087 1121 3154 Sion.

203 3204 241 3258 10
264 3195 330 3277 ipse
353 3192 464 3258 adme
486 3193 638 3275 dominus,
661 3213 758 3275 meus,
781 3193 890 3275 inquit,
913 3192 994 3257 filius
1017 3211 1050 3256 es
1072 3193 1117 3272 tu,

264 3301 353 3380 teque
375 3297 466 3363 bodie
487 3299 590 3382 genui.
613 3301 699 3381 pete;
723 3299 764 3363 sis
787 3297 864 3362 mihi
884 3295 1029 3380 gentibus
1051 3295 1151 3375 heres,

265 3406 296 3466 et
317 3404 372 3466 tua
393 3401 541 3466 fundatur
563 3402 635 3466 totis
657 3401 812 3486 possessio
832 3399 932 3464 terris.

263 3505 362 3569 ferrea
384 3505 471 3588 uirga
492 3504 549 3569 tibi
571 3508 628 3585 est,
650 3504 752 3572 ualido
775 3504 847 3586 quia
868 3503 934 3567 iure
956 3504 1112 3566 tumentes

265 3606 338 3672 orbe
359 3608 440 3691 tegle
463 3603 528 3673 toto
550 3608 690 3691 populos,
705 3590 769 3672 ‘ceu
791 3624 867 3671 uasa
887 3608 1007 3670 recocto

205 3719 242 3774 15
265 3711 339 3776 ficta
359 3712 425 3776 lnto
449 3712 595 3795 frangens
618 3711 717 3792 corda,
740 3714 776 3776 ut
797 3710 925 3775 meliora
945 3709 1103 3774 reformes.

206 3962 241 4018 42
258 3977 353 4016 nomen
370 3979 394 4029 o,
412 3961 509 4016 nonO
559 3963 593 4019 48
611 3959 767 4025 dimicantes
783 3959 880 4029 Reate„
899 3958 1048 4014 dimicantIs
1070 3959 1112 4017 Oe
1164 3962 1197 4016 50
1213 3958 1284 4031 letus
1328 3964 1330 3969 “

163 4067 187 4117 o,
204 4047 288 4105 lectas
309 4047 332 4104 O
383 4050 415 4103 51
434 4047 469 4101 ad
489 4047 512 4102 0
1088 4123 1090 4126 y
1276 4105 1278 4109 .

206 4133 280 4192 VIII.
303 4133 333 4190 0.
351 4163 385 4172 -
402 4133 474 4187 Psal.
493 4132 660 4189 secundusO
720 4132 961 4202 aucmentando,
978 4131 1094 4187 furentes
1111 4134 1155 4188 uel
1171 4131 1286 4187 ferentes

69 4311 72 4315 v
166 4247 263 4320 Saeua„
328 4244 459 4304 salmam
480 4246 571 4304 Sacct.
640 4249 701 4316 peto
716 4246 807 4329 ¹licere.
878 4248 910 4305 14
927 4246 1062 4302 metae
1131 4247 1163 4302 15
1178 4203 1286 4313 lussoo
