2918 4664
521 316 647 355 carmen
665 301 789 365 XXXIII,
802 304 911 358 aer—85.

257 475 289 538 ln
311 493 371 556 quo
393 475 531 539 conubiis
553 476 639 540 nulla
660 477 839 556 necessitas,

197 586 236 640 60
258 597 348 642 sexus
370 580 525 662 perpetuis
547 580 724 662 corporibus
748 580 842 662 perit!

300 788 419 852 Rursus
442 792 477 852 ut
498 789 573 852 haee
596 788 680 868 dixit,
703 788 805 852 subita
827 790 914 869 quasi
936 794 1034 854 morte
1057 791 1176 854 solutus

259 909 429 975 exanguem
449 895 591 974 porrecta
612 892 707 956 trahit
727 910 782 973 per
804 892 945 970 membra,
965 893 1107 976 rigorem.

258 999 290 1059 at
311 996 429 1077 trepida
451 999 482 1059 et
503 995 579 1059 uisis
602 995 747 1060 exterrita
769 995 883 1059 talibus
905 1013 979 1060 uxor

258 1100 386 1163 soluitur
408 1100 440 1163 in
463 1100 597 1183 speciem
619 1099 683 1179 leti,
706 1100 770 1163 iam
792 1104 880 1164 muta
902 1104 1066 1165 trementes

198 1209 236 1263 65
259 1203 357 1267 tendit
378 1204 410 1266 in
433 1221 486 1267 ora
508 1221 620 1266 manus
642 1204 850 1285 membrisque
871 1204 990 1268 intenta
1011 1206 1137 1268 iacentis

257 1307 371 1388 pendet
393 1310 422 1370 in
447 1309 622 1371 exanimum
645 1308 808 1390 pallentior
829 1308 898 1389 ipsa
919 1309 1075 1372 maritum.

258 1414 325 1495 ipsa
347 1411 437 1474 fidem
461 1412 567 1474 mortis
591 1412 699 1475 suadet
721 1429 820 1485 mora;
844 1429 977 1493 namque
999 1412 1047 1475 bis
1070 1416 1137 1476 aet-o

258 1516 330 1579 orbe
353 1515 461 1597 duplex
484 1516 625 1579 reuoluta
647 1515 722 1594 dies,
745 1514 793 1578 bis
816 1534 944 1597 uespere
966 1516 1072 1579 clausa
1094 1520 1149 1596 est,

259 1621 402 1683 mortales
425 1620 528 1682 oeulos
551 1619 625 1681 dum
647 1619 727 1683 fallit
748 1619 854 1682 mortis
876 1619 988 1703 imago.

198 1731 236 1785 to
259 1723 311 1787 ille
334 1727 438 1786 autem
460 1723 606 1805 angelicis
629 1723 772 1786 manibus
794 1742 849 1804 per
871 1722 977 1786 nubila
997 1727 1104 1806 raptus

258 1828 388 1908 liquerat
408 1826 575 1908 hospitium
597 1827 756 1909 repetendi
778 1827 911 1908 corporis
936 1831 967 1891 et
988 1830 1062 1890 tunc

258 1931 385 1995 aetherii
407 1933 526 1994 secreta
545 1931 608 2013 poli
631 1931 779 2011 sedesque
801 1930 909 1994 beatas

259 2035 416 2117 spectabat
438 2038 629 2099 monstrante
652 2035 708 2098 deo
731 2035 917 2118 dignataque
940 2034 1061 2100 Christo

259 2157 346 2202 mens
368 2139 429 2221 pia,
453 2139 526 2202 dum
548 2138 639 2203 fletur
661 2139 761 2220 terris,
783 2137 938 2222 gaudebat
958 2139 991 2202 in
1014 2139 1114 2220 astris,

198 2250 236 2303 '15
260 2243 317 2305 hoc
339 2245 463 2305 tantum
486 2261 636 2324 maerens,
659 2243 740 2325 quod
762 2243 861 2306 adhuc
882 2239 1032 2324 remea<re
1055 2242 1197 2327 timelret.

258 2346 392 2409 demissa
415 2365 540 2410 excessu
562 2347 649 2428 redit,
673 2350 709 2410 ut
731 2350 894 2429 conspecta
915 2346 1041 2412 referret

259 2449 455 2531 firmaretque
479 2450 571 2514 fidem
594 2451 791 2514 dubitantem
813 2452 917 2513 uiuere
941 2450 1071 2513 functos.

258 2556 352 2635 utque
374 2554 468 2617 redux
491 2553 639 2618 membris
662 2556 802 2618 admotae
826 2554 963 2636 coniugis
986 2572 1039 2618 ora

258 2658 345 2738 uidit,
367 2658 520 2740 pollicitus
544 2659 687 2740 quiddam
711 2658 851 2721 mirabile
875 2676 942 2721 sese

196 2769 236 2823 80
259 2762 422 2845 dicturum,
444 2762 475 2824 in
497 2763 599 2824 lucem
623 2781 680 2825 sua
702 2762 822 2826 distth
844 2779 913 2825 orsa
934 2765 1126 2843 sequentem.

302 2971 383 3053 llrgo
407 2970 471 3034 dies
493 2971 608 3052 primos
631 2969 685 3033 ubi
707 2971 841 3034 crastina
861 2970 948 3034 fulsit
969 2970 1001 3033 in
1024 2973 1119 3050 ortus,

258 3093 349 3138 mane
372 3093 451 3139 nouo
475 3074 567 3138 sacris
591 3072 710 3157 (aderat
732 3092 804 3138 nam
827 3074 919 3155 forte)
943 3074 1083 3138 sacerdos

258 3178 407 3261 fungitur,
431 3182 525 3259 utque
547 3180 597 3261 pio
619 3179 716 3262 gessit
738 3179 888 3242 solemnia
909 3177 1003 3258 cultu,

259 3283 428 3364 suspiciens
452 3282 572 3346 caelum
594 3283 646 3346 ille
669 3302 779 3347 manus
802 3282 958 3364 dispandit
980 3286 1010 3346 et
1032 3283 1063 3346 in
1087 3300 1119 3345 se

200 3394 239 3447 85
262 3385 406 3450 bracchia
428 3386 640 3470 constringens
664 3386 752 3468 quasi
774 3387 928 3468 quaedam
947 3403 1076 3449 munera
1098 3385 1182 3448 eaelo

200 3631 233 3683 59
250 3626 375 3681 connubii
392 3629 450 3683 edd.
511 3631 545 3682 62
562 3643 665 3694 nanque
684 3629 717 3683 N
775 3627 953 3682 6411111111·
999 3626 1129 3678 tementes
1147 3626 1180 3679 N
1194 3624 1270 3693 (corr.

157 3731 190 3768 m.
203 3715 230 3782 3)
308 3716 341 3769 65
358 3714 466 3767 iacentis
483 3715 616 3781 Braodcs,
634 3713 743 3767 lucentis
760 3715 799 3781 N,
820 3713 925 3767 lacertis
942 3713 975 3766 N
977 3710 988 3742 ³
1073 3714 1106 3766 70
1124 3710 1225 3764 nubilia
1243 3712 1276 3765 N

156 3803 190 3855 72
216 3800 470 3869 sacrata-sedisque
496 3800 588 3854 beatus
610 3802 643 3855 N
662 3799 738 3868 (corr,
756 3818 790 3855 m.
808 3799 835 3867 3)
922 3800 955 3853 73
981 3796 1115 3866 spectabat
1139 3798 1272 3866 Braudcs,

156 3886 309 3955 expectabat
326 3888 364 3956 N,
382 3889 500 3956 expectat
517 3888 549 3941 N
551 3887 563 3918 ³
649 3889 682 3942 74
700 3886 794 3940 uestris
811 3886 835 3954 (1
851 3885 930 3953 cras.)
947 3886 979 3939 N
1060 3883 1170 3952 751111]
1189 3899 1272 3936 unum

155 3974 219 4028 odd.
232 3974 338 4028 171113
410 3989 461 4040 quo
480 3975 512 4028 N
526 3972 603 4040 (corr.
617 3974 690 4042 11-3)
766 3987 882 4025 remeare
898 3971 1005 4034 timeret
1020 3972 1127 4042 smipoq
1144 3972 1272 4023 remearet

156 4058 238 4126 (earet
254 4061 285 4131 ire
301 4059 366 4127 rua)
384 4062 420 4123 N,
439 4076 552 4113 remeare
570 4061 688 4113 1111111111
704 4060 773 4114 corti.
791 4059 915 4114 Bruadcs
987 4059 1020 4112 76
1038 4056 1151 4110 demissa
1168 4072 1271 4110 excessu

155 4148 261 4215 scra'pea',
279 4162 309 4198 ex
324 4161 401 4198 cursu
415 4145 529 4199 demissa
542 4146 578 4211 N,
596 4160 715 4198 excursu
727 4144 813 4197 medio
824 4144 896 4207 cdd.;
914 4141 1027 4196 demissa
1038 4159 1068 4196 ex
1080 4159 1158 4197 cursu
1169 4149 1272 4212 truasp.

155 4232 280 4287 Braadcs
331 4234 363 4287 81
381 4231 482 4300 primus
501 4234 534 4288 N
547 4230 623 4299 (corr.
636 4249 670 4285 m.
682 4231 709 4300 3)
