2918 4664
64 259 66 262 Α
162 272 222 336 174
488 286 513 341 S.
526 285 658 340 Paulini
675 285 795 341 Nolani
812 284 956 354 episcopi
1060 348 1063 354 Ι

179 472 240 527 480
259 463 400 547 pignora,
424 480 502 544 quae
525 462 633 542 nostis,
657 479 732 543 quos
754 461 879 526 cernitis
902 464 934 525 et
955 460 1046 527 modo
1068 461 1101 525 iu
1122 460 1195 543 ipsis

261 567 371 631 Felicis
393 567 483 631 tectis
505 584 630 630 mecum
652 570 769 631 metata
791 568 913 629 tuentes

260 671 403 753 hospitia,
426 670 536 734 oblitos
559 669 701 739 ueterum
724 669 882 752 praecelsa
904 670 1064 733 domorum

261 775 398 838 culmina
420 777 451 838 et
473 775 614 857 angustis
637 774 736 838 uicino
759 776 893 856 martyre
916 773 1001 837 cellis

261 878 359 942 tutius
382 879 532 960 inparue
555 880 659 960 spreta
682 876 850 942 ambitione
873 879 1045 940 manentes.

179 991 241 1045 485
265 981 405 1047 christus
429 983 511 1045 euim
534 983 619 1046 iuxta
641 985 689 1046 est
710 982 848 1061 modicis,
872 981 1022 1045 auertitur
1046 980 1115 1044 altis

260 1087 403 1169 pauperis
427 1088 457 1149 et
478 1088 582 1169 tuguri
604 1086 703 1169 magis
727 1089 794 1150 arta
816 1085 922 1168 tegilla
943 1086 1119 1166 frequentat

261 1208 352 1272 quam
375 1191 532 1272 praecelsa
554 1188 755 1271 superbarum
777 1189 903 1272 fastigia
924 1207 1037 1253 rerum.

303 1312 374 1376 ergo
397 1297 433 1358 ut
454 1311 625 1375 conponam
647 1296 733 1374 quae
747 1309 830 1357 nunc
852 1294 917 1357 colo
940 1296 1023 1357 tecta
1043 1291 1158 1356 relictis

261 1397 459 1477 culminibus,
483 1415 560 1480 quae
583 1415 665 1461 nunc
688 1396 787 1462 habeo
811 1400 867 1461 aut·
885 1395 1031 1461 habuisse
1053 1395 1203 1475 recordor,

178 1509 238 1564 490
262 1501 288 1565 si
309 1502 421 1583 placet,
444 1500 579 1565 arbitriis
603 1501 726 1565 sibimet
747 1501 908 1584 conponite
931 1500 1030 1565 iustis.

262 1622 340 1685 quae
363 1607 427 1668 tarn
449 1603 579 1686 pulchre
600 1603 720 1686 domus,
743 1605 812 1687 quis
835 1622 908 1688 ager
929 1604 1039 1668 fertilis
1061 1620 1211 1685 umquem

260 1709 292 1772 iu
314 1728 347 1772 re
370 1710 493 1773 mortali
516 1709 607 1780 fuerit
629 1709 716 1791 mihi,
738 1727 832 1790 quem
854 1709 945 1774 modo
967 1709 999 1772 iu
1021 1708 1082 1772 ista

260 1813 404 1896 pauperie
426 1812 533 1877 tribuit
555 1812 712 1894 Christus,
729 1832 784 1897 per
805 1832 898 1895 quem
921 1813 996 1878 mihi
1018 1812 1154 1877 abundat

261 1916 348 1981 diues
369 1916 550 1981 inexhauste
572 1917 672 1983 reditu
694 1918 847 2001 possessio
869 1917 975 1982 Febr?

175 2028 236 2083 495
259 2023 295 2084 ut
316 2038 389 2086 uero
412 2039 448 2084 ex
471 2021 568 2085 ueteri
588 2021 727 2106 relegam
748 2039 818 2086 mea
839 2020 964 2104 praedia
986 2038 1092 2102 censu,

261 2124 406 2206 quioquid
428 2128 495 2190 eret
516 2142 666 2210 magnum
687 2123 843 2209 quondam
865 2124 942 2190 mihi
963 2123 1101 2207 qualibet
1122 2123 1155 2188 iu
1176 2140 1220 2204 re,

260 2232 343 2292 terra
365 2231 430 2293 erat
452 2232 483 2293 et
505 2246 622 2293 uacuae
644 2227 762 2320 species
785 2233 916 2294 uentosa
937 2228 1069 2312 figurae3

258 2332 324 2397 siue
348 2350 458 2397 aurum
479 2343 662 2417 gemmaeue
684 2333 795 2413 forent,
819 2337 886 2397 erat
906 2333 961 2398 illa
983 2331 1120 2416 supellex

258 2437 320 2500 nile
342 2436 430 2502 bouis
451 2437 596 2519 pretium,
618 2436 788 2521 pretiosum
811 2437 897 2501 uirus
919 2436 1032 2501 auaris.

177 2548 238 2603 500
260 2542 293 2605 at
314 2541 406 2606 modo
429 2557 534 2606 cassus
557 2558 661 2625 opum,
684 2558 741 2606 nec
764 2557 856 2624 opum
880 2540 935 2605 sed
956 2540 1060 2605 uerius
1083 2557 1189 2623 expers

260 2644 478 2710 damnatorum
500 2626 639 2727 onerum,
662 2662 771 2710 secure
792 2644 870 2710 liber
891 2644 1026 2710 habendi

258 2751 438 2831 paupertate
460 2749 556 2831 fruor,
578 2766 636 2815 uec
657 2747 775 2833 hebent
796 2748 921 2815 inimica
943 2750 1139 2832 segmentum

257 2852 382 2917 uincula
403 2871 463 2935 quo
485 2856 612 2920 teneant
634 2854 762 2919 nudum.
785 2853 869 2920 facili
890 2854 968 2918 leuis
992 2852 1054 2917 exit

257 2972 383 3040 corpore
406 2974 499 3039 quem
521 2957 615 3023 nullis
638 2955 769 3023 suffocat
791 2956 948 3021 amoribus
970 2956 1042 3022 illex

175 3067 235 3123 000
257 3078 312 3143 per
333 3059 435 3126 001100
458 3060 574 3144 species
597 3059 706 3126 muudi
726 3060 864 3127 fallentis
886 3061 1000 3143 imago.

259 3163 475 3229 eueneranda
497 3163 627 3229 mihist
649 3166 714 3230 toto
735 3163 897 3248 pretiosior
920 3163 993 3230 orbe

161 3326 163 3329 .
257 3267 420 3351 pauperies
443 3266 572 3334 (ibristit
595 3268 739 3335 thesauro
762 3268 873 3334 caelite
895 3268 973 3332 ditas

196 3525 248 3582 486
264 3524 358 3595 tegille
374 3526 458 3592 Mor,
476 3523 565 3594 tigilla
580 3527 638 3581 AD
702 3523 855 3594 frequentat
872 3527 902 3580 D
961 3528 1011 3582 487
1030 3524 1202 3595 superborum
1220 3526 1281 3581 AD

155 3611 328 3680 superborum
345 3610 544 3681 irogumfost.
596 3613 647 3669 488
659 3611 757 3666 relictis
769 3614 835 3680 AD,
846 3610 936 3666 relatis
948 3612 1022 3667 Mser.
1073 3613 1125 3668 489
1138 3611 1195 3682 aut]
1212 3612 1279 3677 ΞΑ,

155 3699 182 3752 01
199 3711 264 3766 quae
281 3699 350 3754 coni.
362 3699 536 3754 cetensis
589 3698 641 3755 490
657 3697 761 3768 placeat
777 3699 807 3752 D
862 3697 978 3752 arbitriis
996 3697 1059 3764 AD,
1078 3697 1185 3752 arbitris
1202 3699 1278 3754 Mur.

154 3783 203 3839 491
223 3799 348 3853 umquam
365 3785 423 3841 AD
502 3786 553 3840 493
570 3786 694 3855 pauperie
716 3783 812 3839 tribuit
829 3785 892 3851 AD,
911 3800 1024 3854 paupere
1041 3783 1187 3839 contribuit
1202 3786 1279 3842 Mser.

154 3870 206 3926 490
227 3868 356 3939 quidquid
378 3871 403 3926 D
486 3872 539 3928 498
562 3886 714 3940 gemmaeue
736 3873 805 3927 coni.
823 3872 1004 3938 Zeebmcister,
1027 3886 1197 3940 gemmaeque
1220 3873 1280 3927 AD

154 3954 199 4010 ille
216 3958 243 4012 A
295 3959 346 4014 500
364 3959 393 4011 ct
408 3957 445 4026 A,
463 3956 496 4011 ad
514 3956 551 4024 D,
570 3972 599 4011 ac
617 3959 691 4014 Mer.
748 3959 797 4013 501
817 3955 1002 4012 damnatorum
1020 3958 1103 4028 Mer,
1121 3957 1281 4013 damnorum

154 4044 213 4098 AD
271 4045 322 4100 508
340 4041 399 4098 lruo
417 4045 445 4099 A
500 4043 609 4097 inimica
625 4045 709 4112 Men,
726 4045 809 4097 imma
826 4045 883 4100 AD
940 4046 1106 4113 segmentum
1124 4045 1192 4100 oeni.
1207 4045 1280 4100 cot

155 4131 244 4198 10000,
262 4132 417 4200 sequentum
433 4131 491 4186 AD
570 4132 620 4186 508
637 4129 710 4184 facili
727 4132 833 4201 scripsi,
850 4129 928 4186 facile
945 4132 1003 4187 AD
1083 4133 1134 4187 504
1151 4129 1280 4185 suffocate

154 4215 272 4274 moribus
288 4217 319 4274 D
369 4215 420 4272 ilex
437 4215 480 4272 A²
531 4215 705 4276 5001010000
723 4219 751 4273 A
