2918 4664
535 335 661 373 carmen
678 318 749 383 XXI,
762 320 903 376 aaa-782.

266 495 377 579 largior
399 495 523 559 aestiuis
545 493 606 557 huc
628 493 786 559 mensibus
808 495 891 559 unda
912 496 1054 576 cucurrit,

266 617 357 682 qnam
379 598 464 683 prius
486 597 622 663 bibe'rnis
645 618 680 662 er
701 597 851 663 imbribus
872 599 917 664 ire
943 599 1070 665 solebat.

306 703 357 767 hio
379 720 434 786 ego
456 705 487 766 te
510 703 599 767 modo
622 702 688 767 iure
709 720 803 783 ream,
826 720 896 766 mea
916 702 1005 784 Nola,
1027 707 1155 788 patrono

179 814 243 870 755
266 807 422 872 communi
444 809 578 871 statuam
602 808 633 870 et
654 805 784 870 blandae
806 806 929 888 pietatis
953 806 991 872 ab
1013 808 1059 872 ira

265 914 368 976 mente
391 929 520 976 manens
541 911 661 994 placida
682 914 801 976 motum
823 911 973 976 simulabo
998 916 1173 996 patronum,

264 1013 389 1079 filiolam
412 1015 597 1097 increpitans
620 1014 733 1078 ueteris
757 1012 814 1078 snb
837 1032 911 1079 uoce
934 1018 1081 1097 querelae.

264 1137 337 1185 nam
358 1118 444 1198 mihi,
466 1117 555 1198 Nola,
578 1118 624 1182 tui
646 1119 800 1183 consortia
820 1119 902 1183 iusta
923 1120 1039 1201 petenti

262 1222 366 1302 fontis,
390 1240 449 1304 quo
471 1221 596 1287 turbata
618 1224 703 1287 metu
725 1222 812 1304 quasi
834 1222 910 1287 dura
931 1223 1067 1307 negabas

178 1333 242 1390 760
263 1326 431 1409 hospitium
454 1326 626 1391 communis
649 1329 766 1409 aquae?
788 1327 950 1409 diuinaque
972 1328 1040 1392 iura

262 1431 412 1511 respicere
434 1429 529 1496 oblita
549 1430 693 1494 humanis
715 1447 785 1494 mea
805 1432 879 1495 nota
899 1429 1031 1512 putabas
1103 1456 1104 1460 ¹

263 1532 370 1597 usibus
393 1533 521 1598 etmihi
542 1538 583 1614 te,
605 1533 739 1597 Felicem
762 1532 867 1614 oblita,
890 1534 1031 1599 daturam
1128 1552 1131 1557 ·

262 1636 407 1701 credebas
430 1654 475 1717 ac,
498 1638 524 1701 si
545 1636 715 1716 tribuisses,
737 1654 807 1701 mox
829 1636 885 1702 tibi
907 1637 1020 1702 siccam

263 1740 412 1806 subducto
433 1743 565 1822 patriam
586 1744 660 1823 potu
682 1741 746 1806 iore
769 1744 887 1805 maesta
908 1742 1055 1825 gemebas

177 1851 240 1906 765
262 1843 353 1926 idque
376 1845 471 1908 etiam
491 1847 574 1909 moto
597 1843 753 1908 clamabas
776 1862 866 1928 saepe
889 1846 1033 1926 tumultu,

261 1949 365 2012 nescia
386 1948 498 2013 diuinis
520 1947 627 2031 opibus
648 1951 805 2032 promptos
827 1949 893 2013 fore
914 1949 1026 2034 fontes,

261 2052 341 2117 sicut
363 2055 394 2117 et
416 2057 540 2135 experta
562 2071 604 2117 es.
627 2071 700 2116 nam
722 2069 792 2116 mox
814 2052 888 2117 deus
911 2052 977 2137 ipse
1000 2058 1118 2120 creator

261 2157 361 2240 arguit
382 2157 510 2240 ignauos
534 2155 653 2221 Christo
676 2155 812 2221 diffidere
834 2160 961 2238 mentes,

262 2278 331 2323 cum
352 2259 409 2324 tibi
429 2264 500 2342 post
521 2260 668 2343 placitam
688 2278 796 2342 paoem
817 2261 880 2323 iam
902 2259 1037 2326 fluminis
1059 2280 1149 2326 usum

175 2372 238 2426 770
261 2363 355 2427 Felici
377 2367 515 2428 consorte
536 2364 586 2445 pie
607 2363 723 2447 partita
744 2366 874 2444 teneres,

260 2485 319 2548 quo
342 2468 441 2550 magis
464 2470 649 2550 eruperantc
671 2470 757 2531 tuam
779 2466 915 2532 bonitate
937 2468 1106 2549 querellam

260 2573 410 2653 argueret.
435 2589 506 2650 non,
529 2575 564 2635 ut
586 2569 756 2650 metuebas,
778 2571 830 2635 illc
853 2570 936 2635 sitire

261 2675 359 2738 diuisa
380 2677 411 2739 te
433 2675 507 2739 fecit
529 2692 617 2756 aqua,
641 2674 694 2738 sed
716 2678 751 2738 ut
774 2676 933 2739 auctorat
955 2676 1033 2740 altor

259 2796 362 2842 rerum
385 2779 605 2860 hominumque
628 2778 730 2858 simul,
753 2779 805 2859 qui
826 2778 962 2842 condidit
983 2779 1086 2844 omnia
1108 2780 1212 2862 uerbo,

175 2889 237 2946 775
261 2882 395 2946 ostendit
416 2881 473 2946 tibi
494 2901 560 2946 rem
584 2901 651 2946 esse
674 2900 772 2962 suam,
796 2900 887 2964 qnam
909 2885 943 2946 tu
966 2882 1030 2947 eius
1052 2884 1150 2949 amico

258 2990 294 3049 ut
314 2987 479 3069 propriam,
502 2986 624 3050 domino
646 3004 749 3050 rerum
771 2985 882 3066 diffisa,
905 2986 1055 3069 negabam

259 3089 364 3154 uidisti
386 3094 477 3171 certe,
500 3108 574 3153 nam
595 3092 625 3153 tc
647 3109 697 3153 res
720 3090 787 3172 ipsa
808 3090 898 3154 fateri

259 3194 404 3276 conpulit,
428 3194 544 3258 aeterni
566 3192 709 3257 sublimia
730 3193 797 3257 iura
817 3193 953 3275 parentis

259 3294 454 3381 Felicisque>
474 3299 583 3379 potens
605 3298 759 3377 meritum,
782 3315 852 3360 cum
874 3298 960 3381 larga
982 3296 1039 3362 sub
1063 3301 1151 3363 aestu

176 3408 237 3464 780
259 3399 425 3482 proflueret
447 3402 619 3482 damnoque
640 3396 784 3482 pio,'qno
807 3401 949 3483 martyris
972 3402 1051 3466 aulis

260 3504 427 3567 tradideras
449 3507 579 3586 partem,
602 3502 722 3568 subitos
744 3505 877 3568 creuisse
900 3508 1019 3569 meatus

258 3609 418 3690 laxatoque
441 3609 505 3672 suis
526 3609 558 3672 in
580 3607 720 3672 faucibus
743 3607 836 3673 ubere
858 3609 974 3672 fontis'

199 3816 250 3870 756
271 3816 380 3883 paterna
401 3815 431 3870 D
503 3817 552 3870 757
576 3814 706 3883 querelae]
729 3830 779 3886 que
801 3816 829 3870 A
901 3818 951 3871 759
973 3830 1024 3883 quo
1045 3816 1149 3886 sariaci,
1168 3832 1197 3870 eo
1214 3818 1272 3872 AD

156 3902 207 3957 762
224 3900 315 3954 usibus
331 3902 437 3970 scripsi,
454 3900 556 3955 uiribus
573 3903 638 3969 AD,
655 3901 755 3956 iuribus
773 3903 841 3970 porei.
860 3903 1033 3959 Zerbouicter
1095 3905 1146 3958 764
1161 3905 1227 3973 potu
1243 3905 1270 3959 A

155 3989 207 4043 765
234 3985 365 4041 clamabas
391 3988 427 4055 D,
450 3987 593 4042 damnabas
615 3990 641 4042 A
728 3990 778 4043 766
799 3992 933 4059 promptos
955 3991 1021 4059 AD,
1040 3993 1174 4059 promotos
1192 3991 1269 4046 'Mssa

155 4075 206 4129 769
223 4072 276 4126 iam
288 4075 392 4143 scripsi,
410 4076 441 4128 ut
457 4074 511 4127 iam
523 4075 587 4143 AD,
605 4077 664 4128 tum
675 4076 743 4130 corsi.
756 4068 929 4132 chbrraoa'otcr
979 4077 1029 4132 779
1046 4074 1190 4146 Felicisque
1201 4079 1269 4134 coni.

155 4160 336 4227 Zecbmea'ator,
354 4159 448 4214 Felicis
466 4162 503 4229 D,
521 4161 558 4214 cis
576 4162 603 4216 A
655 4163 704 4217 780
721 4160 862 4230 proflueret
876 4162 914 4233 D,
930 4161 1023 4218 flueret
1040 4163 1095 4234 (aad
1105 4163 1192 4220 oatof
1201 4170 1270 4235 spot.

153 4245 225 4314 ooo.)
242 4246 277 4310 A,
295 4245 413 4300 efflueret
429 4249 502 4302 Mur.
859 4252 861 4256 ’
979 4244 984 4251 '
1155 4263 1187 4276 ·'
1242 4270 1244 4276 ¹
