2918 4664
504 285 628 326 eur-meu
645 269 758 336 XVIIII,
771 273 913 328 885-884.

174 449 234 504 365
256 442 356 508 earnis
379 444 561 528 apostolieae
584 461 670 510 saera
691 446 819 530 pignora
840 447 966 528 puluere
987 463 1092 530 paruo,

256 565 335 629 quae
357 552 482 613 sanetus
504 549 601 614 nostri
624 549 825 632 dominusque
847 553 994 633 paterque
1016 549 1125 614 cubilis

256 653 287 715 et
308 655 411 717 eustos
434 653 553 717 animae
575 657 698 718 nostrae
720 656 752 719 et
773 655 871 718 tutela
892 653 1002 719 salutis

256 754 341 820 Felix
362 755 466 821 uitiosa
487 756 546 821 sibi
568 758 740 822 cornminus
762 758 837 823 aede
858 758 983 841 recepit,

256 876 334 940 quae
356 860 480 942 reliquis
503 861 567 925 eius
590 864 692 926 aetate
713 861 865 926 recentior
889 861 967 927 subs

176 967 235 1022 370
258 962 381 1047 exiguos
403 963 521 1028 eineres
535 968 576 1028 et
598 981 726 1048 magnos
749 967 854 1030 seruat
875 965 1005 1031 honores

256 1070 455 1149 seruaturque
477 1068 577 1151 magis
600 1066 776 1133 custodibus
797 1068 866 1152 Ipsa
886 1069 1038 1151 patronis3

257 1169 337 1234 absit
359 1170 451 1250 enim,
474 1174 510 1235 ut
531 1171 647 1236 seruari
669 1189 817 1254 umquam
839 1170 1003 1236 uideantur
1024 1190 1114 1256 egere

257 1273 308 1355 qui
330 1292 452 1338 seruare
475 1275 575 1339 solent
597 1279 702 1340 tamen
725 1278 757 1340 et
778 1294 884 1340 ourare
907 1293 1033 1340 suorum

256 1376 417 1442 commoda
438 1378 634 1443 alumnorum
656 1379 753 1463 patrio
776 1380 941 1464 dignantur
964 1397 1068 1444 amore

176 1485 235 1540 375
257 1483 350 1562 atque
372 1481 543 1546 dicatorum
565 1481 623 1546 sibi
644 1485 820 1547 tutamenta
840 1483 978 1547 locorum

256 1583 395 1668 diIIgere3
417 1586 475 1650 hoo
497 1586 610 1650 sanetis
633 1586 769 1650 studIum
790 1587 915 1669 pietatis
936 1587 1037 1651 inesse

256 1686 414 1768 spiritibus
437 1688 576 1753 miranda
597 1688 657 1753 fide
680 1689 862 1755 doeumenta
884 1689 1042 1754 dederunt.

298 1793 379 1857 unde
401 1811 507 1858 reeens
530 1795 623 1858 etiarn
645 1795 750 1876 paneis
774 1811 849 1879 opus
872 1795 998 1876 eloquor
1019 1793 1111 1869 orsie;

256 1895 383 1980 dignum
406 1897 521 1962 etenim
542 1898 643 1963 saneti
665 1898 775 1963 Felicis
797 1916 926 1964 munera
948 1898 1069 1982 inipso

148 2013 150 2020 ·
175 2005 234 2063 380
256 2000 352 2065 natali
376 2001 513 2067 eiusdem
535 2001 729 2086 gratantibus
753 2002 841 2067 edere
863 2001 977 2067 uerbis.

256 2121 318 2168 non
339 2104 502 2189 peregrina
522 2105 597 2170 loeis
619 2119 721 2188 neque
741 2110 879 2187 ternpore
900 2106 1001 2190 prisea
1022 2104 1177 2187 profabor3

255 2206 369 2273 finibus
391 2209 423 2273 In
445 2209 557 2276 nostris
580 2210 665 2274 etin
687 2210 747 2275 ista
768 2209 840 2275 sede
861 2213 1019 2292 patratum

256 2330 353 2394 nuper
374 2329 450 2396 opus
473 2313 614 2394 referam,
636 2313 717 2396 quod
737 2314 816 2378 forte
838 2330 999 2378 renoscere
1021 2311 1109 2376 uobis
1159 2395 1160 2398 Ἴ

254 2418 433 2498 promptum
456 2416 523 2498 ortt,
549 2417 582 2481 in
604 2417 705 2482 medio
727 2418 871 2500 quoniam
893 2436 941 2481 res
963 2416 1081 2480 lumine
1103 2419 1191 2500 gesta
1215 2419 1270 2480 est.

175 2524 235 2580 385
257 2518 346 2584 eredo
369 2538 405 2584 ex
427 2518 486 2584 boe
508 2538 635 2585 numero
657 2525 796 2586 uestrum
817 2539 912 2605 prope
934 2521 1037 2585 nullus
1058 2521 1091 2584 in
1113 2519 1173 2584 isto

255 2623 296 2686 sib
317 2640 415 2687 nouus
437 2623 554 2705 auditu,
577 2624 649 2707 quie
669 2644 724 2708 per
744 2625 913 2708 longinqua
933 2624 1060 2690 remotis

255 2725 340 2790 fama
360 2728 469 2792 uolans
492 2728 570 2793 ierit.
594 2731 676 2793 oerte
698 2728 856 2793 adfueritis
878 2730 910 2793 in
931 2729 992 2793 Ista

255 2828 331 2894 urbe
354 2831 449 2913 aliqui
469 2851 524 2915 per
544 2832 633 2897 idem,
649 2835 782 2916 tempus,
805 2850 865 2915 quo
888 2831 1027 2914 contigit,
1050 2835 1085 2896 ut
1106 2831 1156 2896 fur

254 2933 379 3011 initoitis
402 2935 505 2999 animo
527 2935 660 3000 stimulis
683 2936 816 3020 agitatus
839 2953 947 3001 auaras

93 3114 95 3117 v
176 3044 233 3099 390
257 3037 394 3102 mitteret
415 3039 448 3103 in
470 3042 558 3104 saera
579 3039 659 3104 dona
680 3056 791 3104 manus
815 3043 845 3104 et
866 3039 905 3104 ab
928 3038 1071 3104 omnibus
1094 3055 1189 3103 unam

254 3141 401 3223 inprobus
424 3145 456 3207 et
477 3142 603 3208 demens
625 3142 818 3208 uenerandee
839 3142 1012 3227 insignibus
1034 3142 1122 3207 aulae

255 3245 382 3328 eligeret
403 3246 534 3330 praedae
557 3248 691 3328 speeiem
712 3245 820 3329 erucis,
842 3247 957 3311 ineoius
980 3247 1066 3311 illam

253 3348 365 3414 indioio
387 3349 456 3431 sibi,
478 3367 540 3415 non
563 3351 658 3433 spolio
680 3352 754 3431 fore,
778 3369 871 3433 quam
893 3351 980 3416 uelut
1001 3351 1130 3414 hamum

253 3452 345 3534 piseis
367 3453 443 3518 edax
465 3454 570 3518 hausit
591 3458 682 3537 oapta
703 3455 869 3537 capiendus
892 3454 931 3519 ab
954 3471 1033 3518 esea.

195 3763 244 3818 865
261 3762 354 3832 paruo]
373 3765 480 3832 patrum
497 3765 524 3818 A
582 3765 632 3821 368
650 3764 767 3818 commus
786 3765 816 3819 E
865 3763 911 3817 ede
928 3763 955 3817 A
1008 3763 1058 3818 878
1077 3763 1182 3815 tantum
1199 3763 1268 3818 coni.

155 3847 325 3904 Zeoboaetstor
376 3851 426 3905 874
438 3849 631 3918 digneturAD
681 3851 732 3905 876
751 3849 858 3919 diligere
870 3851 935 3919 AD,
953 3848 1065 3917 dirigere
1078 3849 1108 3903 E
1157 3851 1207 3905 877
1224 3848 1269 3902 do·

155 3933 266 3988 nimenta
291 3935 349 3989 AD
417 3937 467 3992 878
489 3935 550 3989 inde
572 3936 599 3990 A
667 3937 716 3992 381
741 3935 817 4005 loeis]
838 3935 931 4004 loquar
953 3936 1027 3990 Mor.
1096 3937 1215 4004 ternpore
1241 3936 1270 3990 D

154 4020 203 4078 383
219 4035 353 4075 renoscere
371 4022 407 4090 E,
427 4037 532 4075 noscere
549 4022 615 4091 AD,
636 4036 774 4090 agnoscere
791 4024 864 4077 Mor.
922 4019 997 4075 nobis
1015 4021 1056 4075 A¹
1114 4022 1165 4078 884
1181 4036 1269 4090 prom·

154 4106 210 4161 tum
228 4108 254 4160 A
324 4108 374 4164 887
395 4107 447 4162 iuit
463 4109 537 4164 Mor.
608 4107 744 4162 adfueritis
762 4109 826 4175 AD,
848 4107 980 4163 affueratis
1000 4107 1041 4176 (re
1057 4124 1089 4163 ex
1106 4107 1130 4159 ri
1147 4125 1180 4161 m.
1192 4109 1221 4176 2)
1242 4109 1272 4162 E

153 4193 203 4248 892
220 4193 304 4247 erutis
324 4194 361 4264 E,
377 4209 452 4248 oruoe
470 4195 527 4250 AD

1083 4283 1116 4333 9*
