2918 4664
540 320 667 358 carmen
685 303 756 364 XXI.
769 307 895 360 46-106.

260 479 414 545 mentibus
437 479 564 544 eroultis
587 479 724 562 specioso
746 482 870 561 pectore
891 482 1025 564 gestant.

259 585 314 650 has
336 602 496 668 prooerum
519 601 685 649 numerosa
706 583 815 648 cohors
838 587 870 648 et
891 587 1031 650 eonoolor
1053 603 1114 650 nno

259 688 373 754 uellere
395 688 554 771 uirgineas
577 689 714 769 seqnitur
737 705 825 752 saera
847 687 938 752 turba
960 692 1111 754 cateruae.

259 791 442 858 Eunomiam
465 792 537 856 hino
559 791 676 857 Melani
698 792 821 856 dootam
843 791 901 856 snb
923 793 1060 876 principe
1082 811 1158 857 uooe

198 905 238 960 110
261 898 448 961 formantem
470 895 601 960 modulis
623 896 814 980 psalmorum
835 913 913 960 uasa
934 897 1082 961 modestis

260 1001 415 1065 auscultat
435 999 573 1083 gaudens
597 999 707 1063 ddeoto
731 998 872 1065 Christus
894 999 926 1063 in
949 1017 1038 1084 agno,

259 1104 340 1186 quod
362 1103 541 1168 modulante
563 1103 619 1168 deo
641 1103 819 1168 benedictas
840 1103 972 1186 paruula
992 1103 1147 1187 princeps,

259 1212 434 1274 sanctorum
455 1208 595 1288 eomites,
619 1211 704 1272 casto
725 1210 814 1290 regat
835 1226 886 1273 ore
908 1208 1044 1272 choreas.

258 1312 334 1377 haee
355 1312 448 1395 igitur
470 1311 613 1376 mihimet
634 1311 796 1380 meditanti
818 1329 954 1396 congrua
976 1312 1075 1377 suasit

198 1423 236 1480 85
260 1418 359 1500 gratia
381 1415 571 1481 multimodis
593 1415 695 1479 inluso
718 1416 852 1480 carmine
876 1415 982 1480 metris

260 1519 442 1592 distinctum
463 1519 557 1583 uariis
579 1519 693 1583 imitari
714 1517 840 1583 floribus
862 1518 997 1599 hortum,

259 1623 339 1688 siout
358 1623 469 1688 Feliois
491 1623 645 1707 gremium
666 1621 774 1687 florere
796 1622 949 1704 repletum

258 1727 375 1793 lumine
398 1727 519 1791 diuerso
542 1727 631 1808 quasi
653 1745 705 1790 rus
728 1726 862 1790 admiror
883 1726 1023 1808 opimum

259 1831 432 1915 hospitibus
455 1831 561 1895 multis
584 1830 617 1894 in
640 1849 710 1894 sum
733 1828 856 1895 Christo
879 1829 955 1892 duee
978 1829 1081 1893 missis

196 1944 235 1999 00
258 1934 413 2016 Felioique
435 1935 516 2019 patri
539 1934 634 1999 denso
657 1934 749 1998 simul
772 1933 897 2016 agmine
919 1934 1000 1998 natis

258 2039 447 2122 pignoribus,
471 2037 573 2103 subito
595 2041 631 2107 ut
651 2038 723 2102 totis
746 2037 922 2102 habitacula
944 2037 1029 2102 oollie

257 2161 312 2225 per
333 2141 410 2206 fines
433 2142 567 2206 orenisse
590 2160 662 2206 suos
685 2144 716 2205 et
737 2139 840 2205 sobria
861 2144 963 2206 oastos

259 2248 341 2310 taeta
363 2264 472 2311 sonare
494 2245 601 2310 modos
623 2246 751 2310 tandem
773 2245 833 2310 sibi
854 2243 983 2309 uooibus
1005 2244 1086 2328 aptis

258 2350 391 2434 gaudeat
412 2349 617 2432 hospitiisque
640 2349 704 2415 suis
727 2352 759 2414 et
781 2367 906 2432 corpore
928 2352 960 2414 et
982 2366 1034 2413 ore

197 2460 236 2515 95
260 2453 326 2535 ipse
348 2453 417 2517 sinu
437 2452 529 2535 pleno
552 2453 661 2537 dignos
684 2454 813 2517 miretur
838 2453 980 2517 alumnos

259 2560 290 2620 et
311 2557 426 2620 uirtute
447 2574 537 2639 pares
561 2558 680 2622 animas
702 2557 734 2621 in
756 2557 878 2640 dispare
901 2575 990 2631 sexu3

259 2661 337 2724 sieut
356 2660 509 2724 olinarum
531 2661 662 2726 fsoundo
683 2661 715 2724 in
738 2661 814 2725 oolle
840 2661 978 2726 nouellas

258 2756 389 2828 laetatur
412 2764 514 2829 senior
536 2765 640 2829 diuino
663 2783 682 2829 s
703 2764 822 2828 somine
845 2763 960 2830 Christi

258 2867 414 2950 plantator
436 2886 565 2933 cernens
587 2869 668 2933 inter
690 2885 747 2932 sua
768 2886 840 2932 rnre
861 2868 995 2934 oolonos.

178 2979 237 3035 100
259 2971 367 3037 floreat
389 2990 462 3056 ergo
485 2991 565 3038 nouo
587 2972 665 3036 mihi
687 2972 831 3037 carminis
855 2966 927 3037 s'rea
948 2976 1037 3055 prato

257 3076 399 3141 lendibus
423 3079 455 3141 et
476 3077 602 3156 domini,
625 3077 678 3158 qni
700 3076 839 3142 eonditor
860 3076 921 3140 oris
944 3079 976 3141 et
998 3077 1073 3152 artis

257 3180 452 3246 omnimodas
476 3183 532 3261 ost,
555 3181 640 3245 uario
662 3180 818 3245 famulans
839 3180 917 3261 pede
940 3180 1061 3246 mnsiea
1082 3183 1194 3244 ourrat.

256 3284 381 3366 iamque
403 3284 575 3348 intertextis
599 3286 704 3368 elegus
727 3283 872 3348 suooedat
893 3283 1017 3365 iambis,

258 3390 299 3451 sit
320 3390 412 3471 eaput
434 3387 546 3452 herous
568 3387 866 3470 fundamentumque
887 3386 1002 3452 libello.

175 3602 234 3658 100
300 3594 391 3660 saetis
414 3595 552 3679 agendus
575 3595 696 3679 gaudiis
719 3597 750 3659 et
771 3594 880 3659 hostiis

257 3697 322 3764 dies
344 3698 465 3763 refulsit
485 3698 575 3763 laude
598 3698 708 3764 neuen
731 3717 826 3763 saoer.

198 3951 231 4004 76
249 3948 361 4018 spetioso
380 3949 410 4002 Ε
476 3950 508 4004 77
526 3963 645 4017 proceres
662 3906 737 4018 fort,
795 3965 848 4003 000.
868 3950 900 4002 77
919 3954 943 4002 et
961 3950 994 4004 78
1007 3955 1072 4018 poet
1089 3951 1122 4006 83
1136 3949 1275 4019 ponendos

155 4051 209 4092 0000
227 4052 294 4092 eoae.
313 4035 489 4090 Zeehmes'eter
540 4036 574 4090 84
591 4033 714 4088 mihimet
730 4036 836 4104 aosa'pss',
855 4033 921 4087 mihi
934 4035 969 4103 Ε,
986 4049 1090 4088 meeum
1108 4037 1176 4092 eost
1194 4036 1276 4091 Zoela-

155 4122 259 4178 masor
301 4121 471 4178 8dortum1d
511 4123 544 4176 97
554 4119 671 4176 nouellas
680 4122 748 4177 soal.
757 4121 940 4190 Zoehossieter,
948 4119 1092 4175 nouellaE
1134 4119 1276 4178 1020111111-

155 4230 231 4286 000
248 4232 280 4287 u
329 4233 380 4288 roe
397 4199 521 4302 eregu'n
570 4230 737 4302 1041100110]
755 4231 988 4302 000011ορ0
1004 4230 1071 4287 uuor
1088 4232 1177 4288 xuu.

205 4325 267 4368 m.
280 4325 364 4368 Ptulini
377 4325 423 4370 Nol.
440 4325 538 4368 0111111111.
1091 4325 1120 4372 11
