2918 4664
495 290 618 328 carmen
636 274 750 335 xxxin.
764 278 906 331 588-645.

445 449 523 533 pigri
544 448 716 513 iumentum
740 450 883 532 corporis.

396 550 537 616 decoctus
560 570 647 617 umor
670 552 779 616 sobriis
803 553 961 618 laboribus

292 662 352 718 620
446 656 562 738 pallore
584 655 706 721 uultum
729 656 846 737 liuidet,

396 763 427 824 ot
448 760 595 824 tribulata
618 778 708 824 carno
731 761 842 824 uictrix
867 762 994 827 castitas

446 866 608 928 consumat
629 864 716 947 ignes
738 865 910 929 criminum.

395 968 524 1031 exterior
547 968 660 1032 etenim
684 971 788 1035 nostor
810 972 845 1032 ut
867 970 1072 1052 corrumpitur

446 1074 563 1135 terente
585 1071 781 1152 coutinentia,

292 1183 353 1237 606
397 1178 471 1239 tunc
493 1175 658 1239 iuuouatur
680 1177 733 1256 qui
755 1176 837 1241 intus
862 1178 910 1241 est
931 1177 1006 1241 uicti
1027 1179 1135 1259 potens

445 1278 623 1343 infirmitate
644 1279 787 1361 corporis.

396 1387 470 1447 tunc
493 1382 577 1447 mille
600 1401 619 1446 a
639 1383 745 1464 latore,
769 1383 848 1448 dena
868 1382 913 1468 (a)
935 1384 1048 1448 dextris
1072 1385 1158 1449 milia

446 1489 552 1550 arente
574 1486 700 1550 maxilla
722 1487 840 1567 cadent,

396 1590 421 1653 si
444 1589 527 1654 mala
549 1592 655 1654 nostra
677 1591 764 1654 salua
785 1591 840 1655 fiat
862 1592 932 1671 otio,

292 1702 352 1758 630
448 1712 526 1776 quae
549 1697 596 1757 est
618 1712 676 1757 usu
699 1695 807 1759 edendi
829 1694 962 1775 mobilis,

396 1799 467 1879 quia
489 1797 644 1862 suculcuti
665 1798 798 1881 corporis
819 1798 946 1862 licentia

445 1900 619 1965 retunditur
644 1901 773 1966 ieiuniis.

397 2008 427 2068 et
450 2008 523 2069 tunc
544 2005 718 2087 triumphus
740 2005 869 2087 fonsque
892 2005 982 2070 uobis
1005 2007 1143 2070 nascitur

446 2109 476 2172 in
501 2108 642 2172 arefactis
665 2109 796 2173 ossibus,

286 2221 345 2276 635
390 2212 514 2280 maxilla
536 2213 633 2277 telum
654 2213 816 2294 proelianti
838 2231 916 2294 quac
939 2213 1023 2278 dedit

1163 1868 1235 1919 sf-
1251 1868 1336 1889 ‘'N-u
1395 1862 1417 1871 ιι.
1449 1852 1458 1859 '¹

448 2317 501 2380 dat
523 2317 685 2380 aestuanti·
697 2317 841 2399 poculum

395 2420 497 2484 ieiuna
519 2420 584 2484 suci
605 2420 705 2484 carnis
728 2437 798 2484 ossa
820 2424 957 2484 mortuae

448 2528 553 2588 saucto
575 2524 696 2608 rigante
719 2524 836 2606 spiritu.

397 2628 451 2692 sed
474 2646 552 2710 quae
574 2631 646 2691 aute
670 2628 781 2691 sanctis
804 2628 836 2691 in
859 2627 988 2710 figuram
1012 2631 1101 2711 gesta
1123 2633 1204 2709 sunt,

294 2740 353 2795 640
448 2731 535 2797 uobis
558 2733 716 2795 inactum
739 2733 853 2812 scripta
875 2735 957 2813 sunt,

397 2839 431 2900 ut
453 2834 534 2917 quod
556 2837 698 2919 parentes
720 2835 907 2918 gestitarunt
929 2854 1053 2919 corporo

448 2957 504 3003 nos
527 2939 690 3003 actitemus
714 2938 830 3020 spiritu.

398 3043 510 3106 fluxere
533 3046 648 3123 uetera,
671 3045 781 3107 cuncta
803 3043 980 3107 factasunt
1004 3062 1091 3124 noua,

448 3147 591 3211 uacuauit
612 3146 754 3210 umbram
776 3147 899 3210 ueritas.

295 3259 354 3315 645
400 3251 487 3314 adest
508 3251 615 3315 salutis
637 3251 700 3316 iam
722 3251 797 3331 (lice,
820 3250 920 3315 biems
943 3252 1007 3315 abit

246 3501 307 3569 625]
326 3500 364 3568 (ΙΙ
377 3499 434 3554 Cor.
447 3502 471 3565 4,
486 3503 524 3556 16.
539 3503 578 3566 12,
593 3501 641 3569 10).
695 3501 757 3570 627]
770 3501 824 3569 (Ps.
836 3504 877 3566 90,
890 3504 923 3570 7).
971 3501 1033 3569 639]
1046 3499 1069 3568 (Ι
1082 3499 1139 3554 Cor.
1154 3503 1193 3566 10,
1208 3503 1256 3571 ll).

143 3587 206 3658 643]
225 3587 314 3657 (lpoe.
327 3591 368 3652 21,
381 3591 405 3643 4,
418 3588 452 3655 5).
505 3588 566 3656 645]
585 3587 671 3656 (Cant.
684 3591 707 3651 2,
723 3588 771 3656 ll).

188 3834 238 3887 619
249 3831 382 3886 humorB
434 3833 484 3887 622
497 3831 584 3900 igneo
636 3834 686 3887 624
698 3833 851 3886 terrenteO
902 3831 1086 3886 625016061Β
1137 3833 1187 3886 626
1203 3847 1259 3885 cor-

143 3920 197 3988 po?
211 3919 238 3973 B
295 3921 344 3974 627
363 3935 378 3970 6
394 3918 487 3987 latere]
506 3918 631 3973 altareO
692 3935 746 3984 ac,
766 3937 815 3974 006.
828 3918 882 3972 BO
942 3920 991 3973 629
1010 3917 1082 3970 salua
1099 3917 1147 3971 fiat
1164 3918 1217 3972 otio
1235 3936 1258 3986 0,

144 4005 193 4059 ilat
209 4004 265 4059 ocia
282 4005 356 4058 salua
372 4005 407 4072 B,
426 4004 473 4058 fiat
490 4006 543 4059 otio
562 4005 678 4060 saluaO
730 4009 780 4061 633
798 4006 904 4061 nuncO
955 4007 1005 4059 635
1023 4003 1104 4057 telum
1122 4004 1259 4073 praelianti

145 4107 211 4159 quac
226 4092 290 4160 Coi,
307 4091 389 4145 telum
407 4106 479 4194 quaet
490 4092 549 4161 (que
566 4094 602 4161 Β)
620 4091 758 4160 proelianti
776 4092 849 4146 BOe
900 4093 949 4146 639
967 4091 1051 4158 figura
1068 4091 1095 4144 B
1147 4093 1195 4145 641
1214 4107 1258 4160 go-

144 4206 249 4258 66616116
269 4204 292 4259 0
343 4205 393 4258 642
411 4204 564 4271 actimemus
586 4204 608 4256 0
659 4207 708 4258 045
726 4204 828 4272 hiemps
846 4205 900 4257 Bo

1060 4292 1107 4342 15*
