2918 4664
482 298 507 351 S.
520 297 650 352 Paulini
668 296 787 352 Nolani
804 297 948 368 episcopi

409 490 504 555 paruo
526 492 581 555 per
602 473 661 537 iter
684 473 778 537 breue
801 491 870 538 aere
893 475 1079 539 conductum
1102 474 1202 550 sodet3

461 577 621 659 medioque
645 596 715 642 mor
737 579 835 661 spatio
858 579 927 643 uiae

410 681 486 744 muli
507 699 622 764 pauore
644 700 745 747 sessor
768 700 914 747 excussus
936 684 1042 767 procul

307 793 367 848 410
463 787 584 850 uectore
607 784 756 851 subducto
781 786 872 851 cadit.

409 888 441 953 in
464 907 518 954 ora
539 889 646 971 lapsus
668 908 722 954 ora
743 908 805 955 non
826 889 922 955 laedit
943 908 1009 972 sua,

459 993 492 1058 in
515 1011 589 1058 sara
609 993 696 1060 fusus
720 998 751 1058 44
772 995 875 1075 rubos,

410 1116 467 1162 neo
490 1102 577 1163 sonte
599 1099 722 1163 uultum
744 1118 801 1163 noo
823 1099 924 1182 lapide
947 1101 1031 1164 artus
1055 1099 1202 1180 contudit,

461 1201 572 1267 Felicis
595 1206 740 1286 exceptus
763 1221 872 1278 manu;

307 1313 367 1368 415
413 1307 465 1388 qui
485 1307 548 1371 iam
570 1306 829 1390 propinquantem
851 1307 978 1372 aedibus
1000 1309 1127 1373 finirem
1150 1309 1214 1373 suis

462 1428 523 1476 non
545 1429 656 1494 passus
679 1430 806 1477 occursu
830 1412 905 1476 mali

411 1515 473 1579 suis
495 1516 645 1597 periclum
667 1515 699 1580 in
721 1515 835 1582 finibus
857 1533 1017 1599 capessere

461 1620 584 1684 hostem
605 1621 738 1685 remouit
759 1620 907 1701 inuidum,

412 1725 443 1786 et
464 1722 547 1788 hunc
569 1723 668 1789 fidelis
691 1728 852 1807 conpotem
874 1724 938 1790 uoti
960 1725 1023 1789 suis

308 1835 370 1890 420
465 1826 622 1893 confessor
643 1827 763 1892 induxit
784 1828 858 1893 iocis

410 1931 585 2012 nostrisque
606 1931 692 1996 iuxta
713 1931 837 1996 sedibus
859 1936 983 2015 gratum
1006 1933 1111 1997 intulit

461 2034 546 2100 Felix
567 2039 715 2117 patronus
737 2036 899 2119 hospitem.

411 2139 543 2222 patriam
563 2140 614 2204 hio
635 2144 761 2225 rogatus
784 2140 910 2221 indicat,
934 2159 1023 2206 casus
1045 2141 1148 2221 refert,

461 2243 498 2306 de
519 2247 550 2308 44
572 2243 665 2309 beata
685 2244 817 2309 nuntiat.

305 2357 365 2411 425
409 2348 607 2430 referensque
629 2366 743 2431 paucos
766 2348 802 2412 de
826 2348 887 2412 tuis
911 2349 1032 2432 scriptis
1054 2350 1152 2434 logos,

461 2451 549 2533 quasi
570 2451 658 2516 fabra
679 2452 772 2516 mello
794 2452 969 2534 asperserit,

411 2555 454 2619 sic
476 2555 514 2620 de
535 2555 677 2619 fanorum
699 2555 775 2618 mihi
797 2557 921 2619 tuorum
942 2557 1074 2639 guttulis

461 2659 674 2724 dulcissimum
696 2661 822 2744 gustum
845 2658 986 2740 offerens,

411 2763 510 2847 magis
533 2763 635 2847 coegit
656 2781 732 2846 quas
755 2764 859 2827 anenti
881 2781 942 2828 non
965 2763 1059 2828 dabat

307 2875 368 2930 430
464 2867 629 2932 desiderari
649 2867 781 2941 litteras;

411 2970 465 3035 sed
487 2972 645 3055 cumipse
668 2989 762 3035 cansa
781 2971 954 3036 litterarum
976 2972 1106 3052 uenerit,

463 3079 494 3140 44
515 3076 634 3140 litteras
656 3075 720 3139 uidi
744 3079 824 3156 tuas,

410 3198 471 3244 non
495 3181 667 3244 atramento
690 3180 801 3244 calami
822 3178 876 3242 sed
899 3180 1011 3244 mentis
1034 3179 1105 3244 stilo

462 3284 495 3348 in
516 3284 612 3349 fratre
633 3283 835 3369 praescriptas
858 3282 947 3348 bono.

307 3396 367 3465 435
412 3389 535 3471 ignotus
558 3391 630 3453 ante
653 3405 722 3452 mor
744 3391 779 3451 nt
801 3405 868 3451 4444
890 3388 1030 3470 cognitus

462 3493 570 3574 coepit,
592 3491 627 3557 fir
649 3495 680 3558 et
701 3491 885 3556 carissimus.

411 3597 449 3660 ab
472 3596 555 3660 intus
578 3595 642 3659 eius
665 3595 817 3659 emicabat
838 3594 936 3677 gratia

462 3717 602 3764 sermono
625 3699 737 3764 mentis
760 3699 875 3763 nuntio.

199 3982 248 4034 407
270 3995 317 4048 per
337 3979 389 4033 fter
410 3977 490 4032 breue
512 3993 569 4031 aere
590 3979 695 4047 scripsi,
716 3976 795 4030 breue
816 3993 863 4046 per
880 3978 930 4031 iter
948 3977 1055 4046 (pariter
1072 3977 1109 4046 Β)
1125 3991 1184 4030 aare
1202 3978 1276 4034 BOo

156 4069 207 4122 408
229 4065 315 4119 medio
337 4065 452 4133 quan
514 4065 564 4120 413
587 4063 699 4117 contulit
719 4064 746 4118 B
814 4065 864 4119 416
882 4079 975 4118 ocursu
993 4064 1020 4118 B
1087 4063 1139 4118 419
1159 4063 1231 4117 uotis
1247 4065 1274 4119 B

156 4153 207 4208 425
224 4151 295 4205 14404
312 4154 380 4208 coci.
393 4151 567 4208 Zociomcister
639 4149 782 4206 42614444
799 4167 822 4218 c,
844 4148 912 4203 libra
928 4145 983 4205 ΒΟ
1060 4150 1109 4203 427
1128 4147 1229 4216 gutulis
1247 4150 1280 4212 B

156 4239 207 4294 429
225 4237 313 4292 auenti
330 4238 428 4308 Roaw,
445 4236 554 4292 habenti
570 4236 644 4292 BOo
695 4237 746 4292 432
763 4235 832 4291 uidit
848 4237 875 4291 B
