2918 4664
161 274 221 339 176
487 291 512 346 S.
524 291 656 346 Paulini
673 292 793 346 Nolani
811 293 955 363 episcopi

259 469 409 549 quantum
433 466 549 531 etenim
571 467 687 531 discors
710 485 789 551 agno
811 469 902 550 lupus
926 472 957 533 et
977 469 1114 534 tenebris
1136 472 1198 552 lux,

261 573 383 636 tentum
406 572 585 655 dispescunt
607 571 659 637 uia
681 572 783 637 diuitis
807 575 838 636 et
860 573 910 636 uia
933 572 1055 638 Christi.

178 683 239 741 540
261 694 335 741 nam
356 676 409 740 uia
429 677 494 741 lata
514 679 611 759 patet,
633 694 712 758 quae
734 695 831 760 prono
852 677 973 742 lubrica
995 679 1074 746 cliuo

260 780 361 863 uergit
382 780 414 844 in
436 780 602 861 infernum,
625 798 703 863 quae
725 782 803 846 dites
826 784 915 864 urget
938 799 1058 863 505505,

259 882 394 948 molibus
416 884 555 967 inpulsos
577 885 706 969 propriis
729 885 762 948 in
784 887 899 949 tartara
921 885 1003 949 ferri.

260 991 292 1053 at
313 988 375 1069 uia,
397 1006 476 1070 quae
498 987 613 1054 Christi
635 991 692 1068 est,
715 1006 794 1070 quae
816 989 1042 1054 confessoribus
1066 991 1156 1055 almis

259 1090 508 1175 martyribusque
529 1094 625 1176 patet,
647 1092 754 1174 paucis
776 1091 835 1156 iter
857 1093 953 1157 ardue
974 1093 1091 1176 pandit.

179 1203 240 1259 545
261 1213 325 1260 non
347 1195 429 1278 capit
450 1214 523 1279 ergo
545 1195 597 1259 uia
617 1196 694 1260 haec
716 1197 825 1277 farsos,
848 1197 982 1260 excludit
1003 1200 1140 1262 onustos.

260 1303 421 1384 propterea
442 1300 595 1364 famulum
617 1303 861 1381 sectatoremque
883 1299 968 1364 beati

261 1404 405 1488 martyris
428 1404 577 1487 adstringi
599 1403 688 1468 decet
710 1407 897 1486 exutumque
919 1405 1059 1470 molestis

261 1507 449 1590 conpedibus
472 1511 597 1573 tenuem
619 1507 657 1571 de
678 1510 857 1591 paupertate
881 1507 998 1572 salubri

260 1613 352 1693 atque
374 1612 476 1675 leuem
499 1610 575 1691 fieri,
598 1614 634 1676 ut
654 1614 776 1694 portam
797 1615 958 1694 penetrare
980 1630 1036 1695 per
1058 1614 1159 1676 artum
1264 1680 1267 1685 ,
1367 1596 1370 1603 ’

179 1721 240 1778 550
261 1715 361 1798 possit
382 1717 414 1778 55
436 1716 590 1779 excelsum
611 1715 728 1779 domini
749 1716 952 1782 conscendere
974 1717 1122 1780 montem.

303 1817 357 1882 sed
379 1817 451 1899 quid
473 1836 528 1902 ego
551 1817 718 1902 inprudens
735 1819 914 1884 discernere
934 1819 1071 1903 pondera
1092 1837 1197 1883 rerum

259 1939 315 2005 pro
337 1923 458 2006 magnis
479 1920 556 1988 15555
578 1940 657 2006 pono
679 1923 751 2005 tuis,
773 1926 861 2007 pater
883 1925 1008 2007 optime,
1032 1923 1141 1988 donis?

261 2025 1276 2112 quamlibethaecquoquesintmihigrandia,pamatamensunt,

262 2130 289 2194 si
309 2129 429 2212 potiora
449 2131 565 2212 loquar.
589 2133 682 2213 quota
702 2132 801 2214 portio
823 2149 957 2213 namque
980 2134 1103 2196 tuorum
1127 2132 1175 2194 est

179 2241 240 2298 555
263 2252 336 2318 erga
357 2252 413 2298 nos
436 2252 564 2317 operum
586 2234 740 2319 reputatio
762 2235 899 2299 muneris
921 2235 1023 2316 huius,
1108 2266 1110 2271 ·

261 2337 341 2420 quod
362 2340 477 2404 terram
498 2338 629 2422 hospitio
652 2339 772 2403 dederis
794 2338 1022 2421 habitandaque
1044 2342 1127 2403 tecta

260 2442 390 2506 condere
411 2442 613 2524 praestiteris,
636 2460 706 2507 cnm
730 2446 774 2523 tu,
797 2445 894 2526 pater,
917 2445 948 2508 et
969 2445 1024 2506 tue
1045 2442 1135 2507 nohis

261 2545 381 2610 uiscera
402 2545 602 2629 praebueris?
625 2563 699 2610 nam
721 2545 793 2628 quid
815 2546 876 2611 nisi
898 2546 1017 2611 uiscera
1038 2547 1128 2627 nobis

259 2648 368 2714 intima
389 2650 576 2733 prompsisti,
599 2648 712 2732 quibus
734 2649 881 2716 interiora
902 2649 1067 2733 sepulchri,

177 2760 239 2816 500
261 2756 377 2834 sancte,
399 2754 446 2819 tui
469 2754 573 2818 excitis
596 2753 634 2818 ab
657 2756 762 2838 operto
784 2755 912 2838 puluere
934 2754 1035 2818 causis

259 2857 393 2940 pandere
415 2857 568 2943 dignatus,
591 2859 716 2942 speciali
737 2876 793 2924 nos
816 2857 875 2923 tibi
896 2876 1000 2923 amore

258 2960 389 3025 insertos
412 2964 497 3026 tanto
519 2962 644 3027 uoluisti
665 2962 794 3046 prodere
816 2963 914 3046 signo,

259 3066 297 3128 05
315 3065 443 3130 tacitam
467 3068 498 3130 ct
519 3065 611 3130 fixam
633 3085 689 3149 per
710 3068 756 3131 tot
777 3069 859 3131 retro
881 3065 1004 3131 saecula
1026 3064 1131 3129 sedem

259 3168 402 3250 corporis,
425 3170 516 3248 elme,
538 3169 585 3233 tui
607 3169 708 3236 subito
731 3169 882 3234 existente
905 3167 1011 3234 fauilla

178 3278 237 3334 555
260 3264 452 3354 pulueris'in
474 3276 577 3338 nostro
599 3273 730 3346 reserari
750 3275 889 3357 tempore
910 3273 1028 3337 uelles?

260 3392 331 3459 crgo
352 3375 421 3440 illas
444 3375 556 3441 Felicis
578 3394 651 3460 opes
674 3377 707 3441 in
728 3376 871 3442 laudibus
894 3377 959 3440 eius

258 3482 437 3544 transcursu
458 3482 641 3563 properante
662 3474 766 3564 legam
788 3480 877 3562 quasi
899 3480 979 3545 dona
1000 3481 1129 3562 minora

259 3583 359 3647 multa
381 3599 437 3647 suo
458 3583 548 3648 nobis
571 3601 650 3665 quae
671 3584 734 3649 iam
756 3585 873 3669 gremio
896 3583 1049 3668 susceptis

199 3790 250 3846 539
268 3787 419 3843 discordent
435 3790 591 3845 55555155.
648 3789 744 3845 diuites
761 3789 805 3845 A²
862 3791 910 3846 541
930 3805 995 3858 quae
1013 3791 1081 3846 coci.
1094 3790 1276 3861 2555555555,

156 3890 208 3944 que
224 3876 282 3930 AD
332 3875 483 3932 5421555555
500 3877 557 3930 tara
574 3878 604 3931 D
655 3879 705 3933 543
722 3874 757 3931 ad
773 3876 801 3931 A
853 3877 902 3932 545
921 3875 1006 3930 iussos
1023 3878 1088 3944 AD,
1105 3874 1275 3932 1555555555.

155 3961 361 4018 Recordentur
435 3963 484 4018 347
503 3962 629 4031 asstringi
644 3964 674 4017 D
747 3965 797 4018 552
815 3962 918 4031 magnis
935 3962 999 4016 haec
1016 3964 1054 4031 D,
1071 3962 1155 4031 magis
1172 3962 1222 4016 hee
1239 3964 1275 4030 A,

154 4063 202 4118 pro
220 4047 304 4117 magis
321 4048 386 4102 haec
403 4063 451 4117 ego
463 4049 536 4104 Mser.
590 4051 640 4128 553
657 4048 725 4102 mihi
743 4048 797 4102 sint
808 4048 865 4103 AD
916 4051 966 4104 556
984 4049 1093 4118 terram]
1111 4047 1192 4102 ullam
1205 4051 1274 4104 cossi.

155 4135 329 4190 Zscbascs’stcr
379 4136 429 4190 560
446 4133 572 4190 55041111
623 4137 674 4190 564
691 4134 871 4210 exsistenteD
922 4137 972 4191 565
990 4135 1178 4190 reseraricocs'.
1191 4137 1274 4190 chh-

155 4221 267 4283 mcs’ster,
283 4220 410 4275 reseruari
426 4221 491 4291 AD,
509 4221 610 4276 seruari
626 4222 701 4278 Mser.
