2918 4664
505 256 530 310 S.
543 256 673 311 Paulini
691 257 808 311 Nolani
826 257 968 328 episcopi

483 435 514 496 et
535 435 619 496 terra
639 436 749 497 uernat
770 430 905 497 floribus.

431 536 536 600 audita
556 537 619 601 iam
641 555 699 602 uox
720 538 848 601 turturis
871 540 994 620 tempus
1018 537 1101 601 canit

480 641 635 706 incisionis
659 641 771 705 adfore.

430 746 590 827 epulemur
612 763 684 828 ergo
706 749 811 810 uetere
832 745 982 822 fermento
1006 746 1071 810 sine

326 858 386 912 656
480 851 512 913 in
535 849 673 914 ueritatis
697 849 823 932 azymis²

428 954 500 1035 quia
521 954 642 1018 Pascha
662 957 803 1018 nostrum
826 952 965 1018 Christus
988 954 1153 1019 inmolatus
1177 956 1224 1017 est

478 1059 620 1140 intraque
641 1075 698 1122 nos
720 1076 851 1140 regnum
873 1057 923 1121 dei
945 1060 1001 1121 est.

427 1181 521 1244 quare
543 1155 676 1226 uetustis
698 1161 832 1226 absoluti
853 1161 974 1245 legibus

477 1267 539 1331 iam
561 1285 623 1331 non
646 1266 678 1329 in
700 1265 811 1330 umbra
832 1266 984 1350 degimus

322 1378 380 1433 655
426 1389 502 1452 quos
525 1369 607 1435 nube
628 1369 707 1454 legis
731 1373 761 1434 et
783 1372 968 1434 statutorum
992 1370 1063 1451 iugo

475 1475 562 1557 quasi
585 1493 743 1539 comarum
766 1474 887 1539 sarcina

424 1577 564 1643 Christus
585 1579 704 1643 leuauit
725 1579 801 1660 ipse,
824 1577 907 1642 tilius
930 1578 988 1658 dei,

474 1683 574 1746 iaetus
596 1683 763 1764 redemptis
785 1680 818 1745 in
841 1684 942 1764 eaput.

423 1804 483 1867 quo
505 1786 605 1869 capite
626 1785 713 1850 liberi
737 1805 828 1867 super
851 1789 984 1850 taetrum
1009 1789 1098 1867 capul

240 1876 243 1881 ⁸
319 1899 379 1953 666
474 1891 605 1955 dracone
627 1889 708 1955 uicto
732 1889 912 1954 incedimus.

421 1995 490 2059 illos
513 1994 642 2058 decebat
663 1993 910 2077 inpedimentum
934 2012 1039 2058 comae

472 2099 749 2182 umbraculumque
770 2099 905 2180 comicie,

421 2203 532 2286 quibus
553 2203 679 2287 tegebat
700 2203 791 2268 corda
812 2203 954 2267 uelamen
977 2220 1064 2266 saera

471 2307 655 2372 obnubilans
677 2306 834 2390 mysteria.

314 2420 373 2474 665
415 2416 451 2477 at
472 2430 528 2476 nos
550 2414 668 2477 remoto
690 2411 813 2476 litterae
834 2411 988 2475 uelamine

469 2517 502 2580 in
523 2516 592 2581 luce
614 2516 748 2599 corporis
771 2515 819 2580 sui

419 2619 608 2685 enubilatam
630 2620 796 2688 ueritatem
817 2620 981 2700 cemimus,

466 2724 577 2789 faciem
599 2723 728 2788 reuelati
752 2722 822 2788 tide.

416 2847 493 2909 puer
514 2845 586 2912 ergo
607 2831 713 2893 noster
734 2827 813 2911 legis
837 2829 927 2910 atque
950 2827 1067 2911 gratiae

313 2940 374 2994 670
470 2933 613 2996 alumnus
636 2950 672 2995 ex
693 2934 822 3014 utroque
846 2931 887 2996 sit

415 3036 446 3099 in
469 3035 641 3117 spiritalem
663 3037 848 3119 conparatus
869 3035 1011 3119 gloriam,

466 3142 501 3203 66
522 3142 627 3203 uetera
648 3142 771 3222 promat
793 3143 825 3204 et
847 3157 936 3204 nona.

413 3243 501 3307 fortis
523 3242 642 3325 pudicis
665 3242 785 3309 actibus
808 3243 907 3308 crines
931 3247 1003 3327 agat

464 3346 640 3429 ferrumque
663 3346 767 3411 damni
784 3346 916 3436 neseiat,

310 3459 368 3514 675
414 3454 448 3514 66
471 3470 489 3515 6
511 3452 675 3516 machaera
697 3452 857 3517 noxiorum
879 3451 1059 3533 dogmatum

260 3658 321 3726 646]
341 3657 364 3726 (1
377 3658 434 3713 eor.
449 3661 471 3722 5,
485 3659 520 3726 6).
573 3657 635 3727 666]
654 3657 707 3724 (Pe
720 3659 763 3726 oo,
776 3658 826 3725 13).

200 3851 249 3904 647
268 3849 340 3903 66616
355 3867 380 3919 6,
397 3851 475 3903 66666
493 3850 547 3904 ΒΟ
611 3851 661 3905 648
679 3847 782 3902 adforet
798 3849 826 3903 Β
889 3849 938 3902 649
956 3847 1011 3901 6166
1029 3848 1056 3902 Β
1117 3845 1277 3902 6506616616

156 3935 211 3991 ΒΟ
285 3937 334 3991 651
354 3935 554 3990 estinmolatus
572 3937 599 3991 Β
674 3937 725 3992 656
743 3950 876 3989 comarum
894 3933 1023 3989 sarcinam
1046 3933 1096 4003 06,
1114 3947 1277 3988 saromurum

155 4037 258 4076 comam
275 4022 303 4076 Β
388 4025 437 4078 657
455 4022 526 4077 61166
545 4023 587 4077 dei
604 4025 711 4094 6666666,
729 4022 774 4077 1116
792 4019 856 4076 (1666
874 4021 936 4089 ΒΟ,
954 4020 1018 4074 deus
1035 4020 1080 4074 ille
1098 4020 1151 4074 suis
1168 4038 1191 4087 6,
1211 4019 1276 4075 deus

154 4107 314 4163 1116666616
336 4108 390 4165 Col.
476 4112 526 4166 659
544 4112 657 4165 tretrum
674 4111 702 4165 Β
788 4111 838 4165 665
856 4107 934 4164 6610
1019 4109 1069 4162 672
1087 4107 1170 4161 ueteri
1186 4108 1275 4164 Roow.

154 4196 336 4264 6746666666
354 4195 481 4251 damnum
500 4199 568 4254 6666.
581 4199 707 4254 Dorceus
777 4198 826 4252 675
844 4193 1010 4262 macheraO
1078 4192 1276 4250 docmatnt
