2918 4664
570 320 697 358 oarmen
714 303 784 369 XXI,
796 307 940 360 rao-537.

299 496 375 560 quos
398 478 511 562 spolias
534 477 654 562 opibus,
676 481 776 542 terrae
798 478 887 559 qnasi
907 479 1016 544 rudere
1039 496 1164 563 purgas,

298 582 431 647 destruis
453 583 485 646 in
507 581 595 647 nobis
618 585 750 662 terrena,
772 585 897 647 aeterna
919 581 1055 647 nioissim

212 695 276 750 515
299 684 462 766 construis,
483 685 516 749 in
537 685 671 769 pretinm
693 685 776 750 uitae
798 685 958 767 dispendia
980 689 1080 751 terrae

298 789 394 853 nentis
416 789 482 853 inre
504 806 594 870 nono,
617 805 708 853 uersa
729 789 797 852 nioo
820 787 996 853 detrimenti

299 895 391 976 atque
413 893 500 974 lucri,
522 895 557 958 nt
578 893 667 958 nobis
691 896 813 958 seruata
833 893 964 976 pecnnia
985 892 1143 975 damnum,

300 1014 361 1062 non
384 1000 508 1062 seruata
529 998 651 1061 luorum
672 996 779 1072 faciat3
802 996 856 1061 sed
878 1014 962 1062 more
984 997 1107 1062 sinistro

297 1101 367 1164 fusa
390 1101 498 1165 eadem
520 1100 632 1166 damno
655 1103 712 1164 est.
735 1119 793 1165 neo
815 1101 899 1165 enim
921 1099 983 1165 nisi
1003 1101 1129 1165 nomine
1152 1099 1266 1166 0151551

212 1211 275 1268 515
299 1207 523 1288 praeceptoque
546 1204 595 1269 dei
617 1205 759 1285 uniquam
781 1222 837 1268 sua
858 1203 987 1269 fundere
1008 1204 1147 1288 prodest;

298 1325 371 1373 nam
393 1327 467 1372 nere
488 1311 620 1391 pereunt
641 1308 725 1372 uitiis
748 1309 878 1391 inpensa
898 1308 1045 1391 profanis.

297 1413 387 1476 luxus
410 1416 442 1477 et
463 1412 592 1477 ambitio
614 1413 647 1476 in
669 1429 782 1495 magno
805 1412 979 1476 discrimine
1001 1410 1101 1476 morbi

298 1515 414 1579 crimen
437 1515 583 1580 auaritiae
605 1517 747 1598 pensant,
770 1516 843 1597 qnia
863 1533 920 1597 par
941 1515 974 1578 in
996 1518 1126 1598 utroque

299 1635 393 1684 eausa
414 1618 522 1684 subest
544 1619 662 1699 mortis,
687 1636 780 1700 qnam
802 1619 845 1683 sio
867 1619 1024 1683 maculosa
1045 1617 1140 1683 libido

211 1730 276 1785 520
298 1721 420 1806 perfioit
441 1725 477 1787 nt
498 1741 601 1793 rernm
623 1722 730 1787 mundi
753 1722 931 1786 malesuada
953 1721 1073 1806 onpido.

297 1826 347 1891 his
369 1844 420 1890 me
443 1826 557 1891 diuitiis
581 1827 705 1909 inopem
727 1826 824 1910 cupis,
847 1826 962 1908 optime
985 1824 1079 1906 Felix,

298 1932 334 1994 nt
355 1930 449 1996 iaoias
472 1931 554 1995 uitae
576 1930 761 2013 loonpletem
783 1932 814 1994 55
834 1949 968 2014 paupere
990 1929 1075 1995 onltn

297 2033 434 2099 exortem
454 2035 566 2098 reddas
588 2035 696 2099 mortis
719 2034 785 2099 sine
807 2032 868 2097 fine
890 2032 1021 2098 luendae

298 2136 444 2202 diuitibus
466 2138 585 2218 mnndi,
608 2137 718 2219 quibus
742 2137 808 2202 anri
829 2138 931 2202 letifer
953 2155 1028 2202 usus

209 2248 275 2302 525
298 2243 431 2323 parturit
453 2245 594 2306 aeternos
617 2242 708 2307 sooiis
731 2260 803 2306 oum
824 2240 983 2306 nermibns
1005 2241 1103 2325 ignes.

341 2362 403 2410 non
426 2345 498 2410 solis
521 2345 580 2411 tibi
602 2363 657 2411 nos
680 2345 802 2411 innotos
824 2346 872 2410 uis
895 2346 1005 2429 degere
1026 2345 1127 2425 tectis,

297 2467 372 2529 qnos
395 2453 426 2514 et
447 2450 479 2514 in
501 2452 645 2514 aeternae
666 2449 790 2515 tibimet
812 2449 966 2514 oonsortia
987 2451 1069 2514 uitae
1171 2489 1173 2492 >

297 2552 431 2617 55555155
452 2570 544 2635 paras
567 2556 599 2617 et
621 2553 659 2617 ad
680 2553 767 2618 illam
789 2553 900 2617 dnoore
921 2553 1064 2633 formam,

295 2673 389 2736 qnam
411 2660 446 2721 tn
469 2656 526 2721 snb
550 2657 666 2722 domini
688 2657 843 2739 perfeotns
865 2657 1000 2739 imagine
1022 2654 1137 2721 Christi

207 2767 273 2823 530
297 2759 422 2843 gessisti
443 2760 475 2824 in
498 2761 599 2840 terris,
622 2762 713 2825 homo
738 2760 893 2842 quondam
918 2779 953 2823 ex
975 2760 1071 2824 diuite
1093 2777 1219 2843 pauper.

296 2881 369 2926 nam
391 2864 441 2928 oni
462 2867 627 2947 paupertas
651 2868 713 2945 tna,
736 2882 831 2946 quam
852 2881 907 2947 pro
929 2864 1055 2929 nomine
1078 2865 1184 2928 saneto

204 2971 208 2976 ’
294 2968 472 3051 proscriptis
496 2968 606 3050 opibus
629 2969 767 3052 gaudens
789 2968 945 3033 oonfossor
968 2967 1069 3048 adisti,

295 3070 437 3154 ignorata
458 3071 548 3152 iacet,
573 3075 603 3136 55
625 3091 686 3154 qna
707 3072 864 3156 praeditus
886 3090 983 3154 usqne
1007 3075 1163 3136 senectam

294 3175 455 3256 oondnoto,
478 3175 574 3256 Felix,
596 3176 719 3263 oolnisti
741 3195 863 3260 semper
884 3176 917 3240 in
939 3174 1048 3239 horto?

206 3286 271 3341 535
295 3281 458 3361 propterea
479 3279 596 3344 similes
619 3279 677 3344 tibi
699 3280 806 3344 niteris
829 3278 951 3344 efficere
974 3276 1080 3344 omnes

293 3385 477 3466 paupertate
499 3383 560 3466 pia,
582 3401 659 3465 qnos
683 3384 813 3467 suscipis
835 3382 956 3466 hospite
978 3385 1075 3457 teoto;

294 3483 454 3551 dissimilis
477 3505 534 3551 neo
558 3488 640 3552 enim
662 3487 719 3552 tibi
740 3490 847 3571 posset
867 3487 969 3551 forma
990 3486 1079 3550 coire.

231 3711 283 3766 509
302 3707 421 3764 destrues
432 3711 504 3779 AD,·
519 3711 653 3766 5555155.
707 3712 758 3767 510
776 3711 912 3764 construes
923 3710 993 3776 AD;
1004 3726 1051 3764 em.
1063 3710 1138 3765 Mar.
1191 3711 1239 3765 511
1257 3708 1314 3762 iure

189 3796 258 3852 anei.
274 3794 424 3865 Germano,
443 3812 503 3850 uere
521 3798 585 3863 AD,
604 3812 676 3850 more
694 3799 763 3853 coni.
776 3798 951 3852 Zeotmea'ater
1037 3797 1087 3851 512
1105 3797 1182 3864 atone
1200 3797 1231 3850 55
1247 3794 1314 3850 lueri

189 3882 254 3948 AD,
274 3883 307 3936 55
322 3880 390 3936 lueri
407 3883 481 3938 Mur.
556 3883 607 3939 514
624 3882 674 3936 5151
692 3885 730 3952 D,
747 3883 803 3937 sino
821 3884 847 3938 A
925 3884 974 3937 515
991 3884 1180 3950 praeceptoque
1198 3881 1241 3935 dei
1257 3883 1315 3937 AD

190 3967 245 4035 (aad
262 3969 295 4022 in
312 3969 338 4024 A
357 3984 406 4037 qne
424 3986 444 4024 a.
458 3970 494 4038 t),
512 3973 700 4040 praeceptoque
719 3970 773 4023 eins
791 3970 946 4025 comidior.
1003 3967 1116 4024 5171nx
1132 3970 1160 4023 A
1218 3968 1246 4022 in
1262 3972 1313 4024 om.

155 4053 265 4110 Mser.
335 4057 386 4110 520
402 4057 434 4109 ut
450 4057 515 4123 AD,
534 4058 561 4109 55
576 4057 650 4111 Mur.
727 4055 896 4112 5261555555
914 4055 971 4109 AD
986 4061 1018 4109 55
1035 4055 1108 4110 Mar.
1121 4055 1199 4122 caet,
1217 4053 1314 4108 innotis

192 4140 264 4195 Mor.
318 4143 368 4196 532
385 4141 538 4211 prosaribtis
551 4141 581 4197 D
631 4144 681 4198 533
699 4130 886 4211 iaoetaore'paij
904 4140 987 4195 laoD
1003 4147 1059 4198 eta.
1074 4142 1090 4196 t.
1104 4143 1138 4210 A,
1156 4141 1222 4196 latet
1233 4143 1314 4198 Zaco-

192 4227 301 4296 mooe,
319 4230 410 4281 manet
427 4229 502 4283 Mar.
