2918 4664
537 304 662 343 sarman
678 287 736 360 XX,
748 289 891 345 314-371.

256 465 295 530 ad
316 463 450 529 raditum
472 463 609 546 proferre
630 463 750 548 pedem,
773 481 844 527 eum
865 462 966 546 prima
988 461 1112 526 ruberet

255 569 428 653 parturiens
450 585 560 633 aurora
581 568 672 633 diem.
695 568 800 652 tuguri
822 567 886 632 fore
908 569 1015 649 aperta
1143 552 1145 557 ’

172 681 234 739 346
256 673 368 756 hospes
390 673 482 738 home
505 671 660 756 egreditur
682 675 764 737 teate
786 675 955 754 notumque
978 688 1067 735 suem
1087 669 1135 733 uir

256 770 404 859 conspicit
424 780 497 841 ants
519 775 600 841 iores
622 776 761 841 mirando
783 775 906 840 adstare
927 777 1046 858 paratu.

256 884 416 964 tamquam
438 899 471 946 se
494 882 624 945 missum
647 880 768 945 damino
790 880 966 962 loqueretur
987 877 1095 942 adesse

215 1009 218 1015 >
239 987 349 1068 ,atque
371 985 520 1050 salutanti
541 984 651 1049 similis
673 984 805 1068 uestigia
826 981 937 1048 lambit

255 1086 418 1174 gaudentis
441 1087 556 1153 domini
578 1090 611 1153 et
631 1091 721 1171 gestu
744 1086 928 1172 subgrunnit
949 1087 1073 1151 alumno

171 1201 235 1258 300
256 1191 389 1258 blandus
411 1195 443 1259 et
464 1192 610 1259 olfaciens
633 1191 778 1258 metando
801 1192 853 1256 dat
874 1191 979 1256 escula
999 1193 1098 1254 restro

257 1314 350 1380 seque
372 1288 461 1380 quasi
481 1299 588 1362 netum
610 1295 721 1361 debere
744 1299 892 1381 agnoscat
914 1295 997 1376 erile,

255 1401 368 1485 ingerit
389 1404 421 1466 et
441 1400 546 1467 tardos
567 1401 678 1465 inuitat
698 1404 823 1484 gutture
844 1401 967 1464 culmos.

255 1522 315 1587 quo
337 1503 423 1586 duee,
447 1522 570 1587 quaeso,
592 1505 659 1569 uias
681 1505 793 1587 ignotis
817 1503 927 1568 linibus
951 1502 1015 1586 egit

256 1624 373 1690 quosue
394 1607 498 1692 pedes,
521 1611 587 1673 tam
608 1608 700 1692 longe
722 1612 756 1673 ιι
777 1611 882 1692 posset
903 1624 1034 1688 currere,
1056 1604 1198 1689 sumpsit,

171 1719 234 1775 366
257 1711 309 1793 qui
329 1711 475 1776 breuibus
498 1711 607 1794 spatiis
628 1713 660 1776 in
681 1711 781 1796 prime
803 1712 864 1777 fine
886 1711 1008 1775 uiarum

152 1815 154 1818 ’
256 1813 369 1883 defecit
389 1813 500 1880 fluidae
523 1814 684 1899 depressus
707 1817 788 1895 mole
810 1816 958 1900 saginae?

256 1922 339 1984 uerte
360 1919 447 1985 nulla
468 1938 583 1985 manus·
600 1924 723 1986 tantum
745 1938 840 2003 paens
863 1937 975 2005 aggere
996 1920 1088 2002 longe

256 2039 314 2087 nee
336 2022 422 2088 sinus
443 2023 567 2088 aduenit
588 2041 646 2089 nea
665 2042 755 2090 mens
778 2042 835 2090 sua
855 2027 921 2090 tam
943 2022 1111 2108 spatiosam

255 2127 361 2211 ignota
381 2127 508 2212 regione
529 2128 613 2193 uiam
635 2132 796 2213 penetrare
818 2127 951 2212 subegit,

170 2239 234 2297 300
256 2231 377 2313 quando
400 2231 540 2296 homines
563 2232 656 2298 etiam
678 2236 710 2298 et
731 2233 845 2297 mentis
861 2232 986 2298 ratione
1008 2231 1150 2315 uigentes

255 2352 369 2418 perque
392 2335 497 2419 ignota
518 2336 584 2420 regi
605 2336 712 2402 laailes
734 2337 900 2419 interprete
922 2336 1054 2420 lingua,
1083 2395 1086 2399 ,

256 2438 283 2502 si
302 2441 408 2503 tamen
429 2438 463 2503 hi
485 2443 610 2505 careant
631 2438 717 2521 duee,
740 2457 800 2523 quo
823 2441 874 2504 uia
894 2439 998 2505 luceat
1016 2438 1088 2519 illis,

255 2559 364 2607 eaeeus
386 2543 417 2607 in
440 2544 573 2609 externis
594 2543 772 2628 regionibus
794 2544 923 2628 inplicat
944 2559 1036 2619 error.

256 2647 398 2730 quisnam
419 2647 513 2732 igitur
536 2649 646 2714 direxit
667 2649 726 2714 iter
749 2649 834 2715 suis?
856 2648 938 2713 unde
960 2649 1113 2729 uoluntas,

171 2757 233 2818 306
256 2768 317 2833 qua
338 2751 480 2823 deminus
502 2756 691 2835 sequeretur,
714 2753 742 2818 ei
764 2753 815 2817 uel
837 2771 957 2834 sensns,
979 2755 1015 2816 ut
1036 2755 1118 2816 esset

256 2857 394 2922 usuarius
417 2856 455 2921 ad
477 2861 585 2922 uotum
608 2877 640 2922 se
662 2859 755 2943 longa
777 2861 878 2924 aetate
899 2860 1062 2942 puratum?

256 2959 338 3024 unde
360 2959 437 3026 haee
459 2978 532 3026 eura
552 2961 612 3026 fuit
633 2962 746 3045 pecori,
768 2980 847 3044 quae
868 2980 938 3026 rara
959 2961 1064 3027 fideles

256 3063 377 3145 excitat,
400 3066 445 3145 ιιι,
468 3067 629 3147 tamquam
651 3066 771 3149 proprio
793 3065 955 3148 eulpabilis
977 3068 1049 3131 autu

255 3167 344 3251 pigra
364 3169 575 3250 remansisset,
598 3167 703 3235 saneto
725 3188 778 3234 sus
801 3171 863 3235 iata
883 3170 993 3235 timore

173 3280 236 3335 370
258 3274 448 3337 eentraetam
469 3272 657 3340 remanendo
680 3272 738 3339 sibi
760 3273 909 3339 ueniendo
931 3274 1015 3357 piare

256 3379 378 3441 curaret
399 3377 524 3460 eulpam
546 3380 578 3442 et
599 3377 712 3443 uitium
732 3381 878 3461 pensaret
898 3378 1005 3444 inertis

198 3615 249 3671 344
270 3614 344 3669 ieras
366 3618 388 3680 (ι
404 3616 482 3685 eras.)
499 3618 534 3685 A,
559 3616 627 3671 forte
644 3618 719 3674 Mar.
789 3618 874 3687 aperti
897 3620 973 3673 Mar.
1043 3620 1094 3675 346
1116 3621 1215 3674 asstare
1235 3621 1272 3688 D,

154 3702 239 3756 astura
261 3701 293 3756 A
348 3703 398 3758 347
422 3702 545 3772 missum]
563 3719 580 3757 a
596 3703 660 3760 add.
673 3705 703 3759 E
760 3706 812 3761 349
830 3703 972 3774 subgrunit
988 3707 1016 3760 A
1079 3707 1127 3763 351
1147 3705 1228 3760 herile
1245 3708 1275 3762 E

154 3788 206 3844 354
222 3786 407 3857 qaodsueAD
458 3789 610 3858 pessitAD
660 3807 702 3853 aa,
712 3793 763 3848 355
780 3793 811 3846 in
828 3809 878 3863 usp.
898 3780 1025 3860 inferiore
1042 3792 1105 3848 aad.
1124 3799 1148 3849 et
1165 3810 1195 3849 ur
1212 3801 1273 3850 ante

154 3873 387 3931 mammeam
397 3876 541 3931 notauitA
572 3893 622 3932 aas.
636 3878 685 3933 355
695 3883 759 3948 post
770 3879 820 3934 356
828 3879 948 3949 peuiiE
990 3877 1120 3947 spaciisA
1166 3880 1217 3935 356
1228 3878 1272 3933 de·

154 3959 471 4030 pressumEtesteMar.
522 3962 573 4018 359
585 3962 870 4031 eoegitmuualtMar.
921 3964 1063 4021 sarreia
1111 3965 1162 4021 362
1174 3980 1225 4034 que
1236 3967 1272 4030 Ε,

154 4044 224 4116 quud
235 4046 293 4101 AD
344 4047 395 4102 363
406 4046 519 4101 externis
530 4047 566 4116 A,
584 4048 706 4114 extremis
718 4050 776 4105 AD
831 4052 882 4107 366
899 4053 1020 4120 paratum
1032 4051 1098 4120 AD,
1115 4053 1234 4106 cenatum
1245 4052 1275 4107 Ε

154 4133 248 4191 36307
264 4133 355 4190 nm.A
406 4133 719 4203 summasunmna
735 4137 779 4191 uel
795 4137 875 4191 etiam
893 4140 951 4191 astu
965 4139 991 4191 A
1042 4139 1092 4192 369
1110 4152 1154 4191 sus
1171 4136 1225 4192 iata
1235 4138 1272 4205 D,

154 4218 252 4274 sumita
269 4220 305 4288 A,
322 4216 439 4274 subiecta
455 4220 492 4288 E,
509 4219 596 4274 ainata
612 4222 686 4277 Mar.
738 4224 789 4278 370
805 4222 891 4291 piaret
940 4224 990 4278 371
1008 4238 1098 4278 aurare
1115 4224 1173 4279 AD
