2918 4664
480 329 607 367 carmen
624 311 734 376 XXXII,
746 315 838 369 3-59.

205 489 402 573 philosophos
424 489 547 553 credam
569 489 733 571 quicquam
755 488 881 552 rationis
903 486 1027 567 habere,

206 594 258 675 qui
279 594 398 658 ratione
420 596 535 673 carent,
557 593 670 675 quibus
692 595 741 656 est
762 592 912 675 sapientia
933 595 1035 656 uana?

206 701 278 762 sunt
300 696 407 780 Cynici
429 697 556 762 canibus
579 697 706 778 similes,
729 697 810 778 quod
832 697 956 760 nemine
977 696 1125 779 produnt;

147 808 188 864 35
211 805 283 866 sunt
304 805 336 866 et
357 805 511 866 sectantes
533 802 643 866 incerti
664 801 776 884 dogma
797 800 945 880 Platonis,

207 923 283 987 quos
306 906 447 987 quaesita
468 905 519 970 diu
542 905 663 970 animae
686 904 860 969 substantia
881 904 996 984 turbat,

206 1012 373 1073 tractantes
395 1027 517 1087 semper
538 1027 595 1073 nec
617 1007 743 1073 definire
765 1008 915 1088 ualentes,

207 1112 288 1177 unde
309 1113 447 1177 Platonis
469 1116 576 1177 amant
597 1113 636 1177 de
658 1112 761 1176 anima
784 1111 956 1176 describere
977 1110 1101 1192 librum,

206 1216 260 1298 qui
281 1219 402 1298 praeter
423 1216 549 1281 titulum
573 1216 617 1280 nil
639 1217 716 1280 certi
737 1216 875 1280 continet
895 1215 988 1280 intus.

143 1330 185 1384 40
207 1324 280 1385 sunt
301 1321 397 1385 etiam
418 1320 544 1404 Physici
567 1322 694 1385 naturae
717 1320 841 1385 nomine
863 1319 945 1400 dicti,

206 1443 283 1507 quoe
306 1426 434 1507 antiqua
455 1425 543 1489 iuuat
565 1424 647 1489 rudis
670 1427 762 1506 atque
784 1424 940 1488 incondita
961 1423 1035 1487 uita

206 1546 340 1612 namque
362 1548 442 1594 unus
464 1529 608 1594 baculum
631 1529 784 1610 quondam
807 1531 838 1593 et
859 1545 915 1592 uas
938 1526 1032 1592 fictile
1053 1530 1191 1610 portans,

206 1634 282 1697 utile
304 1634 385 1717 quod
408 1635 508 1699 solum
531 1634 690 1715 solumque
712 1636 836 1715 putaret
857 1632 1043 1712 habendum,

206 1737 281 1800 illud
304 1741 340 1802 ut
361 1738 475 1818 auxilii,
498 1737 556 1801 hoc
578 1740 659 1800 esset
682 1755 777 1800 causa
797 1735 932 1816 bibendi,

144 1848 184 1905 45
208 1858 280 1904 curn
302 1845 385 1906 stare
407 1842 574 1925 agricolam
596 1839 799 1921 manibusque
820 1839 944 1904 haurire
966 1839 1084 1922 supinis

208 1944 359 2027 potandas
381 1945 512 2009 uidisset
533 1962 639 2026 aquas,
662 1962 718 2008 uas
741 1943 835 2007 fictile
856 1944 958 2026 fregit,

207 2064 266 2129 quo
288 2048 393 2131 procul
415 2048 534 2113 abiecte
555 2047 742 2111 remouenda
764 2046 919 2129 superflua
940 2046 1024 2110 dixit.

206 2152 338 2216 rusticus
361 2153 443 2217 hunc
465 2151 569 2216 docuit
590 2151 672 2233 quod
694 2170 836 2234 spernere
857 2154 962 2233 posset
983 2154 1015 2214 et
1034 2150 1125 2214 istud.

207 2255 238 2319 lrl
260 2275 359 2338 neque
381 2257 454 2321 uina
476 2255 586 2320 bibunt
608 2275 665 2320 nec
687 2256 771 2320 uictu
793 2256 881 2338 panis
905 2256 1028 2319 aluntur

144 2368 184 2422 50
207 2378 263 2424 nec
285 2361 364 2425 lecto
385 2359 536 2425 recubant
558 2379 614 2424 nec
635 2360 752 2444 frigora
773 2359 912 2424 uestibus
934 2361 1041 2423 arcent

206 2464 380 2547 ingratique
402 2464 458 2528 deo
481 2483 558 2546 quae
579 2464 735 2547 praestitit
755 2464 807 2527 ille
828 2465 982 2527 recusant.

249 2568 321 2649 quid
344 2568 445 2632 dicam
468 2568 591 2631 diuersa
613 2585 700 2632 sacra
722 2571 753 2632 et
774 2567 820 2630 dis
843 2569 935 2648 atque
958 2565 1073 2630 deabus

210 2671 333 2735 condita
353 2670 478 2754 templa.
502 2671 610 2752 loquar
632 2689 710 2752 quae
732 2670 795 2734 sint
817 2667 967 2752 Capitolia
987 2669 1136 2752 primum:

207 2775 255 2838 his
278 2775 354 2838 deus
376 2772 450 2858 (est)
472 2791 607 2855 uxorque
629 2773 687 2854 dei,
710 2774 871 2857 ipsamque
894 2791 1029 2838 sororem

147 2885 185 2939 55
208 2897 276 2942 esse
298 2878 416 2959 uolunt,
439 2894 533 2959 quarn
555 2877 709 2961 Vergilius
731 2880 819 2941 notat
840 2880 945 2941 auctor
968 2894 1074 2940 cerum

208 2981 336 3046 dicendo
359 2985 394 3045 et
415 2999 517 3045 seror
540 2984 576 3046 et
598 2981 762 3045 coniunx.
786 2980 857 3064 plus
879 2981 916 3044 dc
937 2979 1012 3044 Ioue
1031 2979 1132 3045 'fertur

208 3088 239 3149 et
261 3089 367 3149 natam
390 3088 546 3168 stuprasse
569 3103 657 3149 suam
679 3084 826 3167 fratrique
848 3084 979 3165 dedisse,

210 3193 304 3270 utque
327 3188 402 3253 alias
425 3190 559 3272 caperet,
580 3189 736 3272 propriam
759 3189 895 3252 uariasse
917 3187 1063 3272 figuram:

209 3311 291 3356 nunc
313 3311 449 3376 serpens,
472 3311 554 3357 nunc
576 3296 683 3357 taurus
706 3295 781 3373 erat,
804 3311 886 3357 nunc
908 3310 1025 3376 cygnus
1048 3298 1080 3356 et
1101 3292 1191 3356 arbor

152 3465 185 3518 32
202 3463 365 3533 philosophis
383 3466 409 3518 A
470 3465 503 3518 34
521 3420 628 3533 cynidD
689 3466 721 3519 37
740 3463 853 3517 definere
870 3466 896 3518 A
949 3465 1066 3517 ualentes
1083 3464 1119 3532 A,
1137 3461 1226 3517 uolen-

107 3550 185 3604 teaD
232 3552 265 3606 39
275 3549 378 3605 nihilA
424 3541 610 3620 ldfysiciAD
655 3552 688 3606 42
697 3553 805 3620 portans
813 3552 844 3606 ia
852 3551 947 3606 rasD
992 3552 1026 3605 43
1034 3551 1142 3619 putarat
1150 3550 1225 3604 Mur.

107 3637 142 3691 44
159 3636 248 3690 auxilii
266 3639 344 3706 atque
361 3637 411 3691 hoc
429 3638 502 3693 Mur.
567 3639 600 3693 45
619 3640 701 3691 staret
718 3637 831 3706 agricola
848 3639 919 3705 AD;
935 3655 982 3692 eon.
995 3638 1069 3692 Mur.
1135 3637 1168 3691 47
1186 3652 1226 3690 re·

107 3723 237 3778 mouendo
254 3724 324 3787 AD,-
340 3741 387 3778 em.
401 3726 475 3780 Mar.
538 3727 572 3780 48
590 3726 723 3793 sperneret
740 3726 767 3779 A
831 3728 862 3799 51
882 3723 951 3792 quod
969 3724 1043 3779 Mar.
1100 3721 1140 3776 4114
1157 3724 1225 3787 AD;

108 3827 155 3865 cm.
168 3811 242 3865 Mur.
295 3813 328 3866 53
346 3810 451 3864 condita
462 3809 578 3879 templa?
596 3810 699 3878 Loquar
712 3826 777 3878 quae
795 3811 848 3864 sint
859 3808 988 3879 Capitolia
1005 3809 1121 3879 primum
1135 3808 1228 3866 Ocalee

108 3899 273 3967 {mammae
291 3897 347 3964 (sed
363 3897 468 3966 Loquar
489 3913 554 3965 quae
572 3898 626 3951 sint
643 3897 772 3966 capitolia.
802 3897 908 3951 Primus
924 3896 1096 3966 suspicetur),
1117 3895 1227 3964 loquar?

109 3981 181 4049 Quae
199 3987 261 4036 sunt
273 3983 409 4052 Capitolia,
427 3984 542 4053 primum
560 3986 627 4040 cooa'.
641 3985 763 4039 Boreion
815 3985 848 4039 54
866 3985 906 4036 eet
923 3983 986 4038 add.
1001 3984 1085 4052 Mur„
1102 4000 1153 4038 om.
1170 3983 1228 4038 AD

109 4068 163 4138 dei]
182 4068 214 4122 de
231 4072 258 4124 A
311 4073 344 4126 56
361 4070 454 4125 ocrim
472 4071 545 4127 Mar.
558 4077 588 4126 ut
605 4073 682 4138 iesca
742 4073 775 4127 58
793 4072 873 4138 utque
891 4070 974 4138 Mur,
992 4071 1101 4137 atquae
1118 4071 1183 4138 AD,
1200 4072 1228 4124 et

109 4170 159 4222 que
176 4159 240 4224 fort.
297 4159 329 4212 59
348 4155 440 4226 cignus
458 4158 534 4212 Mar.
585 4156 663 4210 arbor
680 4159 763 4224 Mar,
781 4156 845 4211 arbe
862 4158 927 4224 AD,
945 4173 1038 4211 aarum
1056 4158 1227 4225 conditior,

25 4288 28 4293 .
110 4240 187 4294 ardor
205 4244 273 4297 coni.
289 4243 388 4311 Ocdlcr,
406 4259 482 4296 anser
499 4245 567 4298 coci.
580 4244 703 4298 Beoee'oa
