<?xml version="1.0" encoding="UTF-8"?>
<!DOCTYPE html PUBLIC "-//W3C//DTD XHTML 1.0 Transitional//EN"
    "http://www.w3.org/TR/xhtml1/DTD/xhtml1-transitional.dtd">
<html xmlns="http://www.w3.org/1999/xhtml" xml:lang="en" lang="en">
 <head>
  <title>
</title>
<meta http-equiv="Content-Type" content="text/html;charset=utf-8" />
  <meta name='ocr-system' content='tesseract 3.04.00' />
  <meta name='ocr-capabilities' content='ocr_page ocr_carea ocr_par ocr_line ocrx_word'/>
</head>
<body>
  <div class='ocr_page' id='page_1' title='image "./sanctipontiimer00paulgoog_0230.png"; bbox 0 0 2918 4664; ppageno 0'>
   <div class='ocr_carea' id='block_1_1' title="bbox 526 270 898 338">
    <p class='ocr_par' dir='ltr' id='par_1_1' title="bbox 526 270 898 338">
     <span class='ocr_line' id='line_1_1' title="bbox 526 270 898 338; baseline -0.016 -10"><span class='ocrx_word' id='word_1_1' title='bbox 526 290 655 329; x_wconf 87' lang='lat' dir='ltr'>carmen</span> <span class='ocrx_word' id='word_1_2' title='bbox 672 270 743 338; x_wconf 86' lang='lat' dir='ltr'>XXI,</span> <span class='ocrx_word' id='word_1_3' title='bbox 755 270 898 326; x_wconf 86' lang='grc'>538-598.</span> 
     </span>
    </p>
   </div>
   <div class='ocr_carea' id='block_1_2' title="bbox 257 385 1105 530">
    <p class='ocr_par' dir='ltr' id='par_1_2' title="bbox 257 385 1105 530">
     <span class='ocr_line' id='line_1_2' title="bbox 257 385 1105 530; baseline -0.018 -12"><span class='ocrx_word' id='word_1_4' title='bbox 257 453 382 519; x_wconf 86' lang='lat' dir='ltr'>sedulus</span> <span class='ocrx_word' id='word_1_5' title='bbox 405 451 562 530; x_wconf 83' lang='lat' dir='ltr'>adtribuit,</span> <span class='ocrx_word' id='word_1_6' title='bbox 585 385 685 529; x_wconf 72' lang='lat' dir='ltr'>neque</span> <span class='ocrx_word' id='word_1_7' title='bbox 707 448 813 530; x_wconf 88' lang='lat' dir='ltr'>parcet</span> <span class='ocrx_word' id='word_1_8' title='bbox 834 443 980 526; x_wconf 86' lang='lat' dir='ltr'>prodigus</span> <span class='ocrx_word' id='word_1_9' title='bbox 1002 442 1034 505; x_wconf 89' lang='lat' dir='ltr'>in</span> <span class='ocrx_word' id='word_1_10' title='bbox 1049 459 1105 504; x_wconf 89' lang='lat' dir='ltr'>ncs</span> 
     </span>
    </p>
   </div>
   <div class='ocr_carea' id='block_1_3' title="bbox 155 546 1160 3535">
    <p class='ocr_par' dir='ltr' id='par_1_3' title="bbox 172 546 1142 1052">
     <span class='ocr_line' id='line_1_3' title="bbox 172 546 1013 641; baseline -0.013 -21"><span class='ocrx_word' id='word_1_11' title='bbox 172 567 235 622; x_wconf 84' lang='grc'>570</span> <span class='ocrx_word' id='word_1_12' title='bbox 258 558 370 641; x_wconf 86' lang='lat' dir='ltr'>iugiter</span> <span class='ocrx_word' id='word_1_13' title='bbox 392 555 505 620; x_wconf 88' lang='lat' dir='ltr'>afluere</span> <span class='ocrx_word' id='word_1_14' title='bbox 527 551 696 618; x_wconf 83' lang='lat' dir='ltr'>innumeris</span> <span class='ocrx_word' id='word_1_15' title='bbox 719 568 776 632; x_wconf 90' lang='lat' dir='ltr'>ope</span> <span class='ocrx_word' id='word_1_16' title='bbox 797 548 893 612; x_wconf 88' lang='lat' dir='ltr'>diuite</span> <span class='ocrx_word' id='word_1_17' title='bbox 916 546 1013 611; x_wconf 89' lang='lat' dir='ltr'>donis.</span> 
     </span>
     <span class='ocr_line' id='line_1_4' title="bbox 255 651 1125 743; baseline -0.017 -17"><span class='ocrx_word' id='word_1_18' title='bbox 255 680 317 726; x_wconf 91' lang='lat' dir='ltr'>non</span> <span class='ocrx_word' id='word_1_19' title='bbox 341 679 377 725; x_wconf 88' lang='lat' dir='ltr'>ea</span> <span class='ocrx_word' id='word_1_20' title='bbox 399 659 599 743; x_wconf 77' lang='lat' dir='ltr'>suppeditans</span> <span class='ocrx_word' id='word_1_21' title='bbox 622 659 754 734; x_wconf 88' lang='lat' dir='ltr'>tantum,</span> <span class='ocrx_word' id='word_1_22' title='bbox 777 653 889 736; x_wconf 88' lang='lat' dir='ltr'>quibus</span> <span class='ocrx_word' id='word_1_23' title='bbox 912 651 1029 733; x_wconf 84' lang='lat' dir='ltr'>indiget</span> <span class='ocrx_word' id='word_1_24' title='bbox 1050 667 1125 713; x_wconf 88' lang='lat' dir='ltr'>usus</span> 
     </span>
     <span class='ocr_line' id='line_1_5' title="bbox 261 751 1142 848; baseline -0.017 -18"><span class='ocrx_word' id='word_1_25' title='bbox 261 765 406 848; x_wconf 86' lang='lat' dir='ltr'>corporis,</span> <span class='ocrx_word' id='word_1_26' title='bbox 428 765 482 828; x_wconf 89' lang='lat' dir='ltr'>illa</span> <span class='ocrx_word' id='word_1_27' title='bbox 504 763 608 840; x_wconf 87' lang='lat' dir='ltr'>etiam,</span> <span class='ocrx_word' id='word_1_28' title='bbox 632 759 742 842; x_wconf 91' lang='lat' dir='ltr'>quibus</span> <span class='ocrx_word' id='word_1_29' title='bbox 766 760 795 822; x_wconf 88' lang='lat' dir='ltr'>et</span> <span class='ocrx_word' id='word_1_30' title='bbox 817 774 899 820; x_wconf 93' lang='lat' dir='ltr'>nunc</span> <span class='ocrx_word' id='word_1_31' title='bbox 921 755 1021 838; x_wconf 81' lang='lat' dir='ltr'>gratia</span> <span class='ocrx_word' id='word_1_32' title='bbox 1041 751 1142 817; x_wconf 87' lang='lat' dir='ltr'>laudis</span> 
     </span>
     <span class='ocr_line' id='line_1_6' title="bbox 257 857 1124 951; baseline -0.017 -17"><span class='ocrx_word' id='word_1_33' title='bbox 257 869 413 951; x_wconf 89' lang='lat' dir='ltr'>quaeritur</span> <span class='ocrx_word' id='word_1_34' title='bbox 436 871 467 932; x_wconf 89' lang='lat' dir='ltr'>et</span> <span class='ocrx_word' id='word_1_35' title='bbox 489 869 559 949; x_wconf 88' lang='lat' dir='ltr'>post</span> <span class='ocrx_word' id='word_1_36' title='bbox 579 863 663 948; x_wconf 87' lang='lat' dir='ltr'>&lt;nos&gt;</span> <span class='ocrx_word' id='word_1_37' title='bbox 684 863 834 927; x_wconf 80' lang='lat' dir='ltr'>retinetur</span> <span class='ocrx_word' id='word_1_38' title='bbox 856 877 968 924; x_wconf 87' lang='lat' dir='ltr'>numen</span> <span class='ocrx_word' id='word_1_39' title='bbox 991 857 1124 936; x_wconf 87' lang='lat' dir='ltr'>honoris,</span> 
     </span>
     <span class='ocr_line' id='line_1_7' title="bbox 256 960 1120 1052; baseline -0.017 -15"><span class='ocrx_word' id='word_1_40' title='bbox 256 972 380 1052; x_wconf 87' lang='lat' dir='ltr'>addidit,</span> <span class='ocrx_word' id='word_1_41' title='bbox 402 975 438 1036; x_wconf 91' lang='lat' dir='ltr'>ut</span> <span class='ocrx_word' id='word_1_42' title='bbox 459 970 555 1035; x_wconf 89' lang='lat' dir='ltr'>tantis</span> <span class='ocrx_word' id='word_1_43' title='bbox 577 985 748 1049; x_wconf 80' lang='lat' dir='ltr'>numquam</span> <span class='ocrx_word' id='word_1_44' title='bbox 769 967 851 1029; x_wconf 86' lang='lat' dir='ltr'>retro</span> <span class='ocrx_word' id='word_1_45' title='bbox 873 963 1013 1027; x_wconf 87' lang='lat' dir='ltr'>conditus</span> <span class='ocrx_word' id='word_1_46' title='bbox 1036 960 1120 1023; x_wconf 88' lang='lat' dir='ltr'>aenis</span> 
     </span>
    </p>

    <p class='ocr_par' dir='ltr' id='par_1_4' title="bbox 170 1065 1089 1573">
     <span class='ocr_line' id='line_1_8' title="bbox 170 1065 1089 1158; baseline -0.011 -20"><span class='ocrx_word' id='word_1_47' title='bbox 170 1083 234 1140; x_wconf 78' lang='grc'>575</span> <span class='ocrx_word' id='word_1_48' title='bbox 259 1084 363 1141; x_wconf 86' lang='lat' dir='ltr'>nostro</span> <span class='ocrx_word' id='word_1_49' title='bbox 386 1094 477 1158; x_wconf 93' lang='lat' dir='ltr'>opere</span> <span class='ocrx_word' id='word_1_50' title='bbox 500 1077 653 1138; x_wconf 85' lang='lat' dir='ltr'>extructas</span> <span class='ocrx_word' id='word_1_51' title='bbox 676 1071 851 1135; x_wconf 80' lang='lat' dir='ltr'>adcrescere</span> <span class='ocrx_word' id='word_1_52' title='bbox 874 1069 925 1131; x_wconf 92' lang='lat' dir='ltr'>uel</span> <span class='ocrx_word' id='word_1_53' title='bbox 946 1065 1089 1131; x_wconf 87' lang='lat' dir='ltr'>renouari</span> 
     </span>
     <span class='ocr_line' id='line_1_9' title="bbox 256 1170 1077 1263; baseline -0.015 -19"><span class='ocrx_word' id='word_1_54' title='bbox 256 1179 423 1263; x_wconf 87' lang='lat' dir='ltr'>porticibus</span> <span class='ocrx_word' id='word_1_55' title='bbox 447 1178 649 1259; x_wconf 83' lang='lat' dir='ltr'>domibusque</span> <span class='ocrx_word' id='word_1_56' title='bbox 672 1193 743 1239; x_wconf 86' lang='lat' dir='ltr'>suas</span> <span class='ocrx_word' id='word_1_57' title='bbox 765 1172 959 1256; x_wconf 90' lang='lat' dir='ltr'>permitteret</span> <span class='ocrx_word' id='word_1_58' title='bbox 980 1170 1077 1234; x_wconf 86' lang='lat' dir='ltr'>aulas.</span> 
     </span>
     <span class='ocr_line' id='line_1_10' title="bbox 258 1275 991 1365; baseline -0.016 -16"><span class='ocrx_word' id='word_1_59' title='bbox 258 1284 310 1348; x_wconf 93' lang='lat' dir='ltr'>ille</span> <span class='ocrx_word' id='word_1_60' title='bbox 333 1284 428 1348; x_wconf 85' lang='lat' dir='ltr'>etiam</span> <span class='ocrx_word' id='word_1_61' title='bbox 449 1282 564 1365; x_wconf 90' lang='lat' dir='ltr'>proprii</span> <span class='ocrx_word' id='word_1_62' title='bbox 586 1280 675 1345; x_wconf 92' lang='lat' dir='ltr'>nobis</span> <span class='ocrx_word' id='word_1_63' title='bbox 698 1282 816 1343; x_wconf 88' lang='lat' dir='ltr'>secreta</span> <span class='ocrx_word' id='word_1_64' title='bbox 838 1275 991 1358; x_wconf 80' lang='lat' dir='ltr'>sepulchri</span> 
     </span>
     <span class='ocr_line' id='line_1_11' title="bbox 258 1381 1008 1468; baseline -0.013 -16"><span class='ocrx_word' id='word_1_65' title='bbox 258 1390 364 1452; x_wconf 87' lang='lat' dir='ltr'>sancta</span> <span class='ocrx_word' id='word_1_66' title='bbox 386 1387 544 1451; x_wconf 85' lang='lat' dir='ltr'>reuelauit.</span> <span class='ocrx_word' id='word_1_67' title='bbox 568 1385 674 1468; x_wconf 90' lang='lat' dir='ltr'>paucis</span> <span class='ocrx_word' id='word_1_68' title='bbox 696 1381 872 1447; x_wconf 88' lang='lat' dir='ltr'>uenerabile</span> <span class='ocrx_word' id='word_1_69' title='bbox 896 1397 1008 1444; x_wconf 92' lang='lat' dir='ltr'>munus</span> 
     </span>
     <span class='ocr_line' id='line_1_12' title="bbox 257 1487 1004 1573; baseline -0.011 -18"><span class='ocrx_word' id='word_1_70' title='bbox 257 1492 393 1573; x_wconf 87' lang='lat' dir='ltr'>eloquar,</span> <span class='ocrx_word' id='word_1_71' title='bbox 416 1494 451 1554; x_wconf 90' lang='lat' dir='ltr'>ut</span> <span class='ocrx_word' id='word_1_72' title='bbox 473 1508 605 1573; x_wconf 86' lang='lat' dir='ltr'>magnae</span> <span class='ocrx_word' id='word_1_73' title='bbox 627 1488 750 1572; x_wconf 85' lang='lat' dir='ltr'>pictatis</span> <span class='ocrx_word' id='word_1_74' title='bbox 773 1488 875 1550; x_wconf 85' lang='lat' dir='ltr'>luceat</span> <span class='ocrx_word' id='word_1_75' title='bbox 896 1487 1004 1563; x_wconf 86' lang='lat' dir='ltr'>instar,</span> 
     </span>
    </p>

    <p class='ocr_par' dir='ltr' id='par_1_5' title="bbox 170 1590 1045 1678">
     <span class='ocr_line' id='line_1_13' title="bbox 170 1590 1045 1678; baseline -0.007 -22"><span class='ocrx_word' id='word_1_76' title='bbox 170 1603 234 1658; x_wconf 86' lang='grc'>580</span> <span class='ocrx_word' id='word_1_77' title='bbox 259 1613 318 1676; x_wconf 88' lang='lat' dir='ltr'>qna</span> <span class='ocrx_word' id='word_1_78' title='bbox 339 1613 395 1659; x_wconf 91' lang='lat' dir='ltr'>nos</span> <span class='ocrx_word' id='word_1_79' title='bbox 418 1595 561 1678; x_wconf 84' lang='lat' dir='ltr'>indignos</span> <span class='ocrx_word' id='word_1_80' title='bbox 584 1596 670 1657; x_wconf 90' lang='lat' dir='ltr'>tanto</span> <span class='ocrx_word' id='word_1_81' title='bbox 693 1593 837 1674; x_wconf 83' lang='lat' dir='ltr'>dignatus</span> <span class='ocrx_word' id='word_1_82' title='bbox 859 1607 963 1653; x_wconf 88' lang='lat' dir='ltr'>amore</span> <span class='ocrx_word' id='word_1_83' title='bbox 987 1590 1045 1666; x_wconf 87' lang='lat' dir='ltr'>cst,</span> 
     </span>
    </p>

    <p class='ocr_par' dir='ltr' id='par_1_6' title="bbox 155 1690 1160 1883">
     <span class='ocr_line' id='line_1_14' title="bbox 155 1690 1160 1781; baseline -0.008 -19"><span class='ocrx_word' id='word_1_84' title='bbox 155 1694 159 1701; x_wconf 82' lang='grc'><strong>’</strong></span> <span class='ocrx_word' id='word_1_85' title='bbox 258 1701 293 1761; x_wconf 93' lang='lat' dir='ltr'>ut</span> <span class='ocrx_word' id='word_1_86' title='bbox 313 1717 407 1781; x_wconf 85' lang='lat' dir='ltr'>prope</span> <span class='ocrx_word' id='word_1_87' title='bbox 431 1700 468 1762; x_wconf 86' lang='lat' dir='ltr'>ad</span> <span class='ocrx_word' id='word_1_88' title='bbox 491 1716 639 1761; x_wconf 87' lang='lat' dir='ltr'>arcanum</span> <span class='ocrx_word' id='word_1_89' title='bbox 661 1695 842 1779; x_wconf 84' lang='lat' dir='ltr'>permittens</span> <span class='ocrx_word' id='word_1_90' title='bbox 864 1696 969 1757; x_wconf 81' lang='lat' dir='ltr'>nostra</span> <span class='ocrx_word' id='word_1_91' title='bbox 991 1690 1160 1754; x_wconf 90' lang='lat' dir='ltr'>uerendum</span> 
     </span>
     <span class='ocr_line' id='line_1_15' title="bbox 256 1793 1114 1883; baseline -0.009 -19"><span class='ocrx_word' id='word_1_92' title='bbox 256 1802 376 1865; x_wconf 90' lang='lat' dir='ltr'>lumina</span> <span class='ocrx_word' id='word_1_93' title='bbox 397 1820 452 1865; x_wconf 92' lang='lat' dir='ltr'>ceu</span> <span class='ocrx_word' id='word_1_94' title='bbox 474 1801 604 1883; x_wconf 87' lang='lat' dir='ltr'>propriis</span> <span class='ocrx_word' id='word_1_95' title='bbox 628 1817 684 1863; x_wconf 88' lang='lat' dir='ltr'>sua</span> <span class='ocrx_word' id='word_1_96' title='bbox 705 1799 848 1881; x_wconf 87' lang='lat' dir='ltr'>proderet</span> <span class='ocrx_word' id='word_1_97' title='bbox 870 1813 940 1860; x_wconf 85' lang='lat' dir='ltr'>ossa</span> <span class='ocrx_word' id='word_1_98' title='bbox 961 1793 1114 1858; x_wconf 87' lang='lat' dir='ltr'>medullis.</span> 
     </span>
    </p>

    <p class='ocr_par' dir='ltr' id='par_1_7' title="bbox 301 1901 1097 1989">
     <span class='ocr_line' id='line_1_16' title="bbox 301 1901 1097 1989; baseline -0.01 -21"><span class='ocrx_word' id='word_1_99' title='bbox 301 1923 374 1989; x_wconf 85' lang='lat' dir='ltr'>ergo</span> <span class='ocrx_word' id='word_1_100' title='bbox 397 1923 487 1969; x_wconf 87' lang='lat' dir='ltr'>suam</span> <span class='ocrx_word' id='word_1_101' title='bbox 509 1908 572 1969; x_wconf 93' lang='lat' dir='ltr'>toto</span> <span class='ocrx_word' id='word_1_102' title='bbox 595 1903 683 1968; x_wconf 90' lang='lat' dir='ltr'>uobis</span> <span class='ocrx_word' id='word_1_103' title='bbox 705 1903 812 1984; x_wconf 91' lang='lat' dir='ltr'>loquar</span> <span class='ocrx_word' id='word_1_104' title='bbox 834 1901 939 1964; x_wconf 91' lang='lat' dir='ltr'>ordine</span> <span class='ocrx_word' id='word_1_105' title='bbox 961 1910 1097 1977; x_wconf 83' lang='lat' dir='ltr'>cansam,</span> 
     </span>
    </p>

    <p class='ocr_par' dir='ltr' id='par_1_8' title="bbox 257 2001 1051 2090">
     <span class='ocr_line' id='line_1_17' title="bbox 257 2001 1051 2090; baseline -0.01 -17"><span class='ocrx_word' id='word_1_106' title='bbox 257 2026 317 2090; x_wconf 88' lang='lat' dir='ltr'>qua</span> <span class='ocrx_word' id='word_1_107' title='bbox 338 2009 446 2072; x_wconf 87' lang='lat' dir='ltr'>tribuit</span> <span class='ocrx_word' id='word_1_108' title='bbox 468 2008 570 2072; x_wconf 88' lang='lat' dir='ltr'>uicina</span> <span class='ocrx_word' id='word_1_109' title='bbox 592 2008 656 2071; x_wconf 88' lang='lat' dir='ltr'>suis</span> <span class='ocrx_word' id='word_1_110' title='bbox 679 2024 734 2070; x_wconf 92' lang='lat' dir='ltr'>nos</span> <span class='ocrx_word' id='word_1_111' title='bbox 758 2023 881 2069; x_wconf 90' lang='lat' dir='ltr'>cernere</span> <span class='ocrx_word' id='word_1_112' title='bbox 903 2001 1051 2067; x_wconf 89' lang='lat' dir='ltr'>membris</span> 
     </span>
    </p>

    <p class='ocr_par' dir='ltr' id='par_1_9' title="bbox 172 2107 1101 2608">
     <span class='ocr_line' id='line_1_18' title="bbox 172 2107 1079 2194; baseline -0.004 -21"><span class='ocrx_word' id='word_1_113' title='bbox 172 2118 235 2174; x_wconf 82' lang='lat'>585</span> <span class='ocrx_word' id='word_1_114' title='bbox 259 2112 382 2193; x_wconf 88' lang='lat' dir='ltr'>atquc</span> <span class='ocrx_word' id='word_1_115' title='bbox 373 2130 474 2194; x_wconf 83' lang='lat' dir='ltr'>ipsam</span> <span class='ocrx_word' id='word_1_116' title='bbox 495 2111 589 2194; x_wconf 90' lang='lat' dir='ltr'>positi</span> <span class='ocrx_word' id='word_1_117' title='bbox 611 2111 788 2193; x_wconf 86' lang='lat' dir='ltr'>contingere</span> <span class='ocrx_word' id='word_1_118' title='bbox 810 2107 944 2191; x_wconf 91' lang='lat' dir='ltr'>corporis</span> <span class='ocrx_word' id='word_1_119' title='bbox 966 2124 1079 2170; x_wconf 88' lang='lat' dir='ltr'>arcam.</span> 
     </span>
     <span class='ocr_line' id='line_1_19' title="bbox 257 2210 1101 2293; baseline -0.008 -15"><span class='ocrx_word' id='word_1_120' title='bbox 257 2219 330 2280; x_wconf 87' lang='lat' dir='ltr'>nota</span> <span class='ocrx_word' id='word_1_121' title='bbox 297 2216 410 2280; x_wconf 87' lang='lat' dir='ltr'>tloci</span> <span class='ocrx_word' id='word_1_122' title='bbox 432 2216 526 2279; x_wconf 85' lang='lat' dir='ltr'>facies</span> <span class='ocrx_word' id='word_1_123' title='bbox 549 2215 668 2279; x_wconf 89' lang='lat' dir='ltr'>cunctis</span> <span class='ocrx_word' id='word_1_124' title='bbox 691 2217 807 2293; x_wconf 89' lang='lat' dir='ltr'>manet,</span> <span class='ocrx_word' id='word_1_125' title='bbox 784 2214 864 2276; x_wconf 90' lang='lat' dir='ltr'>tut</span> <span class='ocrx_word' id='word_1_126' title='bbox 830 2230 977 2293; x_wconf 90' lang='lat' dir='ltr'>usuper</span> <span class='ocrx_word' id='word_1_127' title='bbox 998 2210 1101 2291; x_wconf 89' lang='lat' dir='ltr'>ipsum</span> 
     </span>
     <span class='ocr_line' id='line_1_20' title="bbox 257 2313 1049 2401; baseline -0.006 -19"><span class='ocrx_word' id='word_1_128' title='bbox 257 2320 400 2401; x_wconf 84' lang='lat' dir='ltr'>martyris</span> <span class='ocrx_word' id='word_1_129' title='bbox 423 2318 494 2383; x_wconf 88' lang='lat' dir='ltr'>abst</span> <span class='ocrx_word' id='word_1_130' title='bbox 480 2319 558 2382; x_wconf 88' lang='lat' dir='ltr'>trusi</span> <span class='ocrx_word' id='word_1_131' title='bbox 579 2318 691 2382; x_wconf 89' lang='lat' dir='ltr'>solium</span> <span class='ocrx_word' id='word_1_132' title='bbox 713 2318 873 2381; x_wconf 87' lang='lat' dir='ltr'>claudente</span> <span class='ocrx_word' id='word_1_133' title='bbox 896 2313 1049 2397; x_wconf 80' lang='lat' dir='ltr'>sepulchri</span> 
     </span>
     <span class='ocr_line' id='line_1_21' title="bbox 257 2417 1045 2504; baseline -0.005 -19"><span class='ocrx_word' id='word_1_134' title='bbox 257 2422 393 2486; x_wconf 87' lang='lat' dir='ltr'>cancello</span> <span class='ocrx_word' id='word_1_135' title='bbox 416 2423 498 2486; x_wconf 88' lang='lat' dir='ltr'>latus</span> <span class='ocrx_word' id='word_1_136' title='bbox 521 2424 552 2485; x_wconf 93' lang='lat' dir='ltr'>in</span> <span class='ocrx_word' id='word_1_137' title='bbox 575 2422 675 2485; x_wconf 90' lang='lat' dir='ltr'>medio</span> <span class='ocrx_word' id='word_1_138' title='bbox 698 2421 739 2485; x_wconf 88' lang='lat' dir='ltr'>sit</span> <span class='ocrx_word' id='word_1_139' title='bbox 759 2421 871 2504; x_wconf 83' lang='lat' dir='ltr'>pagina</span> <span class='ocrx_word' id='word_1_140' title='bbox 894 2417 1045 2500; x_wconf 87' lang='lat' dir='ltr'>quaedam</span> 
     </span>
     <span class='ocr_line' id='line_1_22' title="bbox 257 2523 986 2608; baseline -0.005 -19"><span class='ocrx_word' id='word_1_141' title='bbox 257 2526 429 2605; x_wconf 75' lang='lat' dir='ltr'>marmoriS,</span> <span class='ocrx_word' id='word_1_142' title='bbox 453 2525 550 2589; x_wconf 85' lang='lat' dir='ltr'>adfixo</span> <span class='ocrx_word' id='word_1_143' title='bbox 573 2525 694 2608; x_wconf 84' lang='lat' dir='ltr'>argenti</span> <span class='ocrx_word' id='word_1_144' title='bbox 715 2525 831 2588; x_wconf 88' lang='lat' dir='ltr'>uestita</span> <span class='ocrx_word' id='word_1_145' title='bbox 852 2523 986 2587; x_wconf 86' lang='lat' dir='ltr'>metallo.</span> 
     </span>
    </p>

    <p class='ocr_par' dir='ltr' id='par_1_10' title="bbox 173 2628 1052 3121">
     <span class='ocr_line' id='line_1_23' title="bbox 173 2628 991 2712; baseline -0.004 -20"><span class='ocrx_word' id='word_1_146' title='bbox 173 2637 235 2692; x_wconf 87' lang='grc'>590</span> <span class='ocrx_word' id='word_1_147' title='bbox 259 2629 320 2693; x_wconf 90' lang='lat' dir='ltr'>ista</span> <span class='ocrx_word' id='word_1_148' title='bbox 342 2628 517 2711; x_wconf 88' lang='lat' dir='ltr'>superficies</span> <span class='ocrx_word' id='word_1_149' title='bbox 540 2629 664 2692; x_wconf 88' lang='lat' dir='ltr'>tabulae</span> <span class='ocrx_word' id='word_1_150' title='bbox 687 2629 810 2712; x_wconf 85' lang='lat' dir='ltr'>gemino</span> <span class='ocrx_word' id='word_1_151' title='bbox 831 2630 917 2709; x_wconf 84' lang='lat' dir='ltr'>patet</span> <span class='ocrx_word' id='word_1_152' title='bbox 939 2644 991 2689; x_wconf 90' lang='lat' dir='ltr'>cre</span> 
     </span>
     <span class='ocr_line' id='line_1_24' title="bbox 256 2730 982 2815; baseline -0.003 -20"><span class='ocrx_word' id='word_1_153' title='bbox 256 2731 407 2815; x_wconf 87' lang='lat' dir='ltr'>praebens</span> <span class='ocrx_word' id='word_1_154' title='bbox 430 2732 531 2796; x_wconf 87' lang='lat' dir='ltr'>infuso</span> <span class='ocrx_word' id='word_1_155' title='bbox 555 2733 693 2796; x_wconf 89' lang='lat' dir='ltr'>subiecta</span> <span class='ocrx_word' id='word_1_156' title='bbox 713 2731 864 2795; x_wconf 87' lang='lat' dir='ltr'>foramina</span> <span class='ocrx_word' id='word_1_157' title='bbox 886 2730 982 2793; x_wconf 91' lang='lat' dir='ltr'>nardi.</span> 
     </span>
     <span class='ocr_line' id='line_1_25' title="bbox 257 2834 1019 2916; baseline -0.005 -17"><span class='ocrx_word' id='word_1_158' title='bbox 257 2853 334 2916; x_wconf 87' lang='lat' dir='ltr'>quae</span> <span class='ocrx_word' id='word_1_159' title='bbox 356 2836 467 2899; x_wconf 88' lang='lat' dir='ltr'>cineris</span> <span class='ocrx_word' id='word_1_160' title='bbox 490 2835 590 2899; x_wconf 85' lang='lat' dir='ltr'>sancti</span> <span class='ocrx_word' id='word_1_161' title='bbox 612 2836 740 2899; x_wconf 91' lang='lat' dir='ltr'>ueniens</span> <span class='ocrx_word' id='word_1_162' title='bbox 764 2853 782 2898; x_wconf 91' lang='lat' dir='ltr'>a</span> <span class='ocrx_word' id='word_1_163' title='bbox 804 2835 875 2898; x_wconf 89' lang='lat' dir='ltr'>sede</span> <span class='ocrx_word' id='word_1_164' title='bbox 896 2834 1019 2915; x_wconf 88' lang='lat' dir='ltr'>reposta</span> 
     </span>
     <span class='ocr_line' id='line_1_26' title="bbox 258 2937 996 3019; baseline -0.003 -17"><span class='ocrx_word' id='word_1_165' title='bbox 258 2937 429 3002; x_wconf 85' lang='lat' dir='ltr'>sanctificat</span> <span class='ocrx_word' id='word_1_166' title='bbox 451 2938 606 3002; x_wconf 84' lang='lat' dir='ltr'>medicans</span> <span class='ocrx_word' id='word_1_167' title='bbox 629 2955 740 3002; x_wconf 87' lang='lat' dir='ltr'>arcana</span> <span class='ocrx_word' id='word_1_168' title='bbox 763 2938 889 3019; x_wconf 88' lang='lat' dir='ltr'>spiritua</span> <span class='ocrx_word' id='word_1_169' title='bbox 913 2954 996 3016; x_wconf 87' lang='lat' dir='ltr'>aura,</span> 
     </span>
     <span class='ocr_line' id='line_1_27' title="bbox 256 3040 1052 3121; baseline -0.001 -17"><span class='ocrx_word' id='word_1_170' title='bbox 256 3041 332 3105; x_wconf 87' lang='lat' dir='ltr'>haec</span> <span class='ocrx_word' id='word_1_171' title='bbox 355 3041 456 3105; x_wconf 93' lang='lat' dir='ltr'>subito</span> <span class='ocrx_word' id='word_1_172' title='bbox 479 3042 597 3105; x_wconf 86' lang='lat' dir='ltr'>infusos</span> <span class='ocrx_word' id='word_1_173' title='bbox 621 3042 708 3105; x_wconf 90' lang='lat' dir='ltr'>solito</span> <span class='ocrx_word' id='word_1_174' title='bbox 732 3041 789 3104; x_wconf 89' lang='lat' dir='ltr'>sibi</span> <span class='ocrx_word' id='word_1_175' title='bbox 811 3059 896 3104; x_wconf 87' lang='lat' dir='ltr'>more</span> <span class='ocrx_word' id='word_1_176' title='bbox 918 3040 1052 3121; x_wconf 84' lang='lat' dir='ltr'>liquores</span> 
     </span>
    </p>

    <p class='ocr_par' dir='ltr' id='par_1_11' title="bbox 173 3143 1149 3535">
     <span class='ocr_line' id='line_1_28' title="bbox 173 3143 1042 3222; baseline 0.002 -17"><span class='ocrx_word' id='word_1_177' title='bbox 173 3150 234 3206; x_wconf 87' lang='grc'>595</span> <span class='ocrx_word' id='word_1_178' title='bbox 258 3145 385 3208; x_wconf 88' lang='lat' dir='ltr'>uascula</span> <span class='ocrx_word' id='word_1_179' title='bbox 407 3145 444 3207; x_wconf 92' lang='lat' dir='ltr'>de</span> <span class='ocrx_word' id='word_1_180' title='bbox 467 3145 587 3208; x_wconf 92' lang='lat' dir='ltr'>tumulo</span> <span class='ocrx_word' id='word_1_181' title='bbox 610 3147 692 3208; x_wconf 88' lang='lat' dir='ltr'>terre</span> <span class='ocrx_word' id='word_1_182' title='bbox 714 3144 866 3208; x_wconf 83' lang='lat' dir='ltr'>subeunte</span> <span class='ocrx_word' id='word_1_183' title='bbox 889 3143 1042 3222; x_wconf 89' lang='lat' dir='ltr'>biberunt,</span> 
     </span>
     <span class='ocr_line' id='line_1_29' title="bbox 257 3246 1149 3332; baseline 0.001 -23"><span class='ocrx_word' id='word_1_184' title='bbox 257 3248 370 3328; x_wconf 89' lang='lat' dir='ltr'>quique</span> <span class='ocrx_word' id='word_1_185' title='bbox 392 3249 458 3310; x_wconf 94' lang='lat' dir='ltr'>loco</span> <span class='ocrx_word' id='word_1_186' title='bbox 482 3248 628 3311; x_wconf 86' lang='lat' dir='ltr'>dederant</span> <span class='ocrx_word' id='word_1_187' title='bbox 650 3248 790 3327; x_wconf 85' lang='lat' dir='ltr'>nardum,</span> <span class='ocrx_word' id='word_1_188' title='bbox 814 3246 972 3311; x_wconf 84' lang='lat' dir='ltr'>exhaurire</span> <span class='ocrx_word' id='word_1_189' title='bbox 994 3250 1149 3332; x_wconf 86' lang='lat' dir='ltr'>parantes,</span> 
     </span>
     <span class='ocr_line' id='line_1_30' title="bbox 256 3350 1013 3432; baseline 0.001 -19"><span class='ocrx_word' id='word_1_190' title='bbox 256 3353 291 3413; x_wconf 88' lang='lat' dir='ltr'>ut</span> <span class='ocrx_word' id='word_1_191' title='bbox 313 3350 372 3413; x_wconf 91' lang='lat' dir='ltr'>sibi</span> <span class='ocrx_word' id='word_1_192' title='bbox 394 3351 456 3413; x_wconf 88' lang='lat' dir='ltr'>iam</span> <span class='ocrx_word' id='word_1_193' title='bbox 479 3351 604 3430; x_wconf 86' lang='lat' dir='ltr'>ferrent,</span> <span class='ocrx_word' id='word_1_194' title='bbox 628 3351 707 3414; x_wconf 85' lang='lat' dir='ltr'>mira</span> <span class='ocrx_word' id='word_1_195' title='bbox 728 3350 865 3414; x_wconf 88' lang='lat' dir='ltr'>nouitate</span> <span class='ocrx_word' id='word_1_196' title='bbox 886 3351 1013 3432; x_wconf 80' lang='lat' dir='ltr'>repletis</span> 
     </span>
     <span class='ocr_line' id='line_1_31' title="bbox 255 3452 1112 3535; baseline 0.001 -20"><span class='ocrx_word' id='word_1_197' title='bbox 255 3471 309 3534; x_wconf 90' lang='lat' dir='ltr'>pro</span> <span class='ocrx_word' id='word_1_198' title='bbox 333 3453 427 3516; x_wconf 85' lang='lat' dir='ltr'>nardo</span> <span class='ocrx_word' id='word_1_199' title='bbox 450 3452 562 3516; x_wconf 91' lang='lat' dir='ltr'>uasclis</span> <span class='ocrx_word' id='word_1_200' title='bbox 586 3454 745 3516; x_wconf 90' lang='lat' dir='ltr'>cumulum</span> <span class='ocrx_word' id='word_1_201' title='bbox 762 3454 957 3535; x_wconf 87' lang='lat' dir='ltr'>erumpentis</span> <span class='ocrx_word' id='word_1_202' title='bbox 979 3454 1112 3517; x_wconf 83' lang='lat' dir='ltr'>harenae</span> 
     </span>
    </p>
   </div>
   <div class='ocr_carea' id='block_1_4' title="bbox 153 3671 1271 4174">
    <p class='ocr_par' dir='ltr' id='par_1_12' title="bbox 153 3671 1271 4174">
     <span class='ocr_line' id='line_1_32' title="bbox 197 3671 1271 3742; baseline 0 -14"><span class='ocrx_word' id='word_1_203' title='bbox 197 3671 399 3742; x_wconf 77' lang='grc'>5721777171),</span> <span class='ocrx_word' id='word_1_204' title='bbox 417 3676 515 3742; x_wconf 75' lang='lat' dir='ltr'>occA,</span> <span class='ocrx_word' id='word_1_205' title='bbox 534 3673 695 3729; x_wconf 80' lang='lat' dir='ltr'>nobisMur.</span> <span class='ocrx_word' id='word_1_206' title='bbox 747 3676 797 3730; x_wconf 87' lang='grc'>573</span> <span class='ocrx_word' id='word_1_207' title='bbox 815 3676 957 3742; x_wconf 73' lang='grc'>77778177,</span> <span class='ocrx_word' id='word_1_208' title='bbox 968 3693 1018 3731; x_wconf 82' lang='lat' dir='ltr'>om.</span> <span class='ocrx_word' id='word_1_209' title='bbox 1031 3674 1089 3731; x_wconf 90' lang='lat' dir='ltr'>AD</span> <span class='ocrx_word' id='word_1_210' title='bbox 1143 3677 1194 3730; x_wconf 82' lang='grc'>574</span> <span class='ocrx_word' id='word_1_211' title='bbox 1211 3690 1271 3728; x_wconf 90' lang='lat' dir='ltr'>cou-</span> 
     </span>
     <span class='ocr_line' id='line_1_33' title="bbox 154 3758 1271 3829; baseline 0.004 -18"><span class='ocrx_word' id='word_1_212' title='bbox 154 3758 225 3812; x_wconf 86' lang='lat' dir='ltr'>ditus</span> <span class='ocrx_word' id='word_1_213' title='bbox 238 3759 308 3812; x_wconf 88' lang='lat' dir='ltr'>acuis</span> <span class='ocrx_word' id='word_1_214' title='bbox 320 3762 425 3828; x_wconf 75' lang='lat' dir='ltr'>scripsi,</span> <span class='ocrx_word' id='word_1_215' title='bbox 438 3760 544 3813; x_wconf 88' lang='lat' dir='ltr'>condita</span> <span class='ocrx_word' id='word_1_216' title='bbox 556 3761 646 3814; x_wconf 89' lang='lat' dir='ltr'>saeclis</span> <span class='ocrx_word' id='word_1_217' title='bbox 655 3762 712 3816; x_wconf 93' lang='lat' dir='ltr'>AD</span> <span class='ocrx_word' id='word_1_218' title='bbox 753 3764 827 3814; x_wconf 86' lang='lat' dir='ltr'>tanto</span> <span class='ocrx_word' id='word_1_219' title='bbox 840 3777 983 3829; x_wconf 89' lang='lat' dir='ltr'>numquam</span> <span class='ocrx_word' id='word_1_220' title='bbox 995 3763 1064 3815; x_wconf 85' lang='lat' dir='ltr'>retro</span> <span class='ocrx_word' id='word_1_221' title='bbox 1076 3761 1197 3816; x_wconf 84' lang='lat' dir='ltr'>conditus</span> <span class='ocrx_word' id='word_1_222' title='bbox 1208 3777 1271 3815; x_wconf 85' lang='lat' dir='ltr'>aeuo</span> 
     </span>
     <span class='ocr_line' id='line_1_34' title="bbox 153 3847 1271 3918; baseline 0.004 -18"><span class='ocrx_word' id='word_1_223' title='bbox 153 3847 222 3900; x_wconf 87' lang='grc'>77777.</span> <span class='ocrx_word' id='word_1_224' title='bbox 235 3847 409 3902; x_wconf 79' lang='lat' dir='ltr'>Zecbmee&#39;ster</span> <span class='ocrx_word' id='word_1_225' title='bbox 461 3849 511 3902; x_wconf 89' lang='grc'>583</span> <span class='ocrx_word' id='word_1_226' title='bbox 524 3863 570 3899; x_wconf 88' lang='lat' dir='ltr'>suo</span> <span class='ocrx_word' id='word_1_227' title='bbox 588 3850 670 3900; x_wconf 86' lang='lat' dir='ltr'>totum</span> <span class='ocrx_word' id='word_1_228' title='bbox 688 3850 757 3903; x_wconf 87' lang='grc'>77777.</span> <span class='ocrx_word' id='word_1_229' title='bbox 770 3850 915 3904; x_wconf 77' lang='grc'>2771777777</span> <span class='ocrx_word' id='word_1_230' title='bbox 904 3856 943 3903; x_wconf 86' lang='grc'>77</span> <span class='ocrx_word' id='word_1_231' title='bbox 994 3851 1044 3904; x_wconf 85' lang='lat'>588</span> <span class='ocrx_word' id='word_1_232' title='bbox 1056 3848 1091 3902; x_wconf 87' lang='lat' dir='ltr'>srt</span> <span class='ocrx_word' id='word_1_233' title='bbox 1107 3850 1175 3904; x_wconf 79' lang='lat' dir='ltr'>corti.</span> <span class='ocrx_word' id='word_1_234' title='bbox 1188 3850 1271 3918; x_wconf 74' lang='lat' dir='ltr'>Mar,</span> 
     </span>
     <span class='ocr_line' id='line_1_35' title="bbox 153 3930 1270 4005; baseline 0.005 -21"><span class='ocrx_word' id='word_1_235' title='bbox 153 3930 199 3984; x_wconf 88' lang='lat' dir='ltr'>sed</span> <span class='ocrx_word' id='word_1_236' title='bbox 216 3932 274 3986; x_wconf 92' lang='lat' dir='ltr'>AD</span> <span class='ocrx_word' id='word_1_237' title='bbox 325 3934 375 3988; x_wconf 91' lang='grc'>589</span> <span class='ocrx_word' id='word_1_238' title='bbox 393 3933 476 3986; x_wconf 85' lang='lat' dir='ltr'>uetita</span> <span class='ocrx_word' id='word_1_239' title='bbox 487 3933 529 3987; x_wconf 86' lang='lat' dir='ltr'>A¹</span> <span class='ocrx_word' id='word_1_240' title='bbox 581 3936 629 3989; x_wconf 88' lang='grc'>591</span> <span class='ocrx_word' id='word_1_241' title='bbox 648 3933 835 3989; x_wconf 74' lang='lat' dir='ltr'>iufusaeMar.</span> <span class='ocrx_word' id='word_1_242' title='bbox 888 3935 964 3989; x_wconf 85' lang='lat' dir='ltr'>nardi</span> <span class='ocrx_word' id='word_1_243' title='bbox 979 3936 1084 4004; x_wconf 68' lang='lat' dir='ltr'>compsi,</span> <span class='ocrx_word' id='word_1_244' title='bbox 1101 3933 1191 3989; x_wconf 87' lang='lat' dir='ltr'>nardis</span> <span class='ocrx_word' id='word_1_245' title='bbox 1205 3937 1270 4005; x_wconf 90' lang='lat' dir='ltr'>AD,</span> 
     </span>
     <span class='ocr_line' id='line_1_36' title="bbox 153 4017 1270 4093; baseline 0.007 -23"><span class='ocrx_word' id='word_1_246' title='bbox 153 4017 236 4074; x_wconf 88' lang='lat' dir='ltr'>nardo</span> <span class='ocrx_word' id='word_1_247' title='bbox 252 4019 327 4073; x_wconf 86' lang='grc' dir='ltr'>Μ777.</span> <span class='ocrx_word' id='word_1_248' title='bbox 375 4026 439 4088; x_wconf 79' lang='lat' dir='ltr'>post</span> <span class='ocrx_word' id='word_1_249' title='bbox 456 4018 532 4071; x_wconf 87' lang='lat' dir='ltr'>nardi</span> <span class='ocrx_word' id='word_1_250' title='bbox 546 4025 677 4093; x_wconf 73' lang='lat' dir='ltr'>proretam</span> <span class='ocrx_word' id='word_1_251' title='bbox 691 4022 775 4089; x_wconf 74' lang='lat' dir='ltr'>posco·</span> <span class='ocrx_word' id='word_1_252' title='bbox 817 4021 949 4078; x_wconf 82' lang='grc'>59417777</span> <span class='ocrx_word' id='word_1_253' title='bbox 966 4023 1031 4091; x_wconf 91' lang='lat' dir='ltr'>AD,</span> <span class='ocrx_word' id='word_1_254' title='bbox 1049 4022 1176 4078; x_wconf 78' lang='grc'>17777777</span> <span class='ocrx_word' id='word_1_255' title='bbox 1189 4025 1270 4078; x_wconf 80' lang='lat' dir='ltr'>Zeclr-</span> 
     </span>
     <span class='ocr_line' id='line_1_37' title="bbox 153 4103 1269 4174; baseline 0.004 -17"><span class='ocrx_word' id='word_1_256' title='bbox 153 4104 257 4158; x_wconf 76' lang='lat' dir='ltr'>meister</span> <span class='ocrx_word' id='word_1_257' title='bbox 308 4106 358 4159; x_wconf 89' lang='grc'>595</span> <span class='ocrx_word' id='word_1_258' title='bbox 376 4103 482 4158; x_wconf 85' lang='lat' dir='ltr'>uascula</span> <span class='ocrx_word' id='word_1_259' title='bbox 499 4106 536 4172; x_wconf 91' lang='lat' dir='ltr'>D,</span> <span class='ocrx_word' id='word_1_260' title='bbox 554 4104 647 4173; x_wconf 90' lang='lat' dir='ltr'>pocula</span> <span class='ocrx_word' id='word_1_261' title='bbox 664 4106 690 4158; x_wconf 93' lang='lat' dir='ltr'><strong><em>A</em></strong></span> <span class='ocrx_word' id='word_1_262' title='bbox 743 4109 793 4161; x_wconf 88' lang='grc'>596</span> <span class='ocrx_word' id='word_1_263' title='bbox 810 4109 971 4174; x_wconf 87' lang='lat' dir='ltr'>parentcsA</span> <span class='ocrx_word' id='word_1_264' title='bbox 1021 4110 1071 4164; x_wconf 90' lang='grc'>598</span> <span class='ocrx_word' id='word_1_265' title='bbox 1089 4108 1184 4162; x_wconf 83' lang='lat' dir='ltr'>uasolis</span> <span class='ocrx_word' id='word_1_266' title='bbox 1201 4110 1269 4165; x_wconf 80' lang='grc'>77777.</span> 
     </span>
    </p>
   </div>
   <div class='ocr_carea' id='block_1_5' title="bbox 153 4189 1117 4330">
    <p class='ocr_par' dir='ltr' id='par_1_13' title="bbox 153 4189 1117 4330">
     <span class='ocr_line' id='line_1_38' title="bbox 153 4189 934 4261; baseline 0.006 -18"><span class='ocrx_word' id='word_1_267' title='bbox 153 4190 236 4257; x_wconf 80' lang='lat' dir='ltr'>Mur,</span> <span class='ocrx_word' id='word_1_268' title='bbox 254 4189 347 4243; x_wconf 83' lang='lat' dir='ltr'>iaculis</span> <span class='ocrx_word' id='word_1_269' title='bbox 365 4191 429 4256; x_wconf 91' lang='lat' dir='ltr'>AD,</span> <span class='ocrx_word' id='word_1_270' title='bbox 447 4191 476 4243; x_wconf 92' lang='lat' dir='ltr'>in</span> <span class='ocrx_word' id='word_1_271' title='bbox 493 4191 589 4244; x_wconf 87' lang='lat' dir='ltr'>uasclis</span> <span class='ocrx_word' id='word_1_272' title='bbox 606 4193 668 4259; x_wconf 77' lang='lat' dir='ltr'>sort.</span> <span class='ocrx_word' id='word_1_273' title='bbox 722 4195 886 4261; x_wconf 86' lang='lat' dir='ltr'>erumpentes</span> <span class='ocrx_word' id='word_1_274' title='bbox 904 4194 934 4247; x_wconf 95' lang='lat' dir='ltr'><strong><em>D</em></strong></span> 
     </span>
     <span class='ocr_line' id='line_1_39' title="bbox 203 4283 1117 4330; baseline 0.007 -6"><span class='ocrx_word' id='word_1_275' title='bbox 203 4283 265 4325; x_wconf 77' lang='lat' dir='ltr'>XXX.</span> <span class='ocrx_word' id='word_1_276' title='bbox 280 4283 364 4325; x_wconf 74' lang='lat' dir='ltr'>Pau&#39;ini</span> <span class='ocrx_word' id='word_1_277' title='bbox 377 4285 423 4326; x_wconf 81' lang='lat' dir='ltr'>Nol.</span> <span class='ocrx_word' id='word_1_278' title='bbox 438 4284 537 4326; x_wconf 80' lang='lat' dir='ltr'>carmina.</span> <span class='ocrx_word' id='word_1_279' title='bbox 1089 4285 1117 4330; x_wconf 77' lang='lat'>1⁶2</span> 
     </span>
    </p>
   </div>
   <div class='ocr_carea' id='block_1_6' title="bbox 0 0 1464 4664">
    <p class='ocr_par' dir='ltr' id='par_1_14' title="bbox 0 0 1464 4664">
     <span class='ocr_line' id='line_1_40' title="bbox 0 0 1464 4664; baseline 0 2"><span class='ocrx_word' id='word_1_280' title='bbox 0 0 1464 4664; x_wconf 95' lang='lat' dir='ltr'> </span> 
     </span>
    </p>
   </div>
  </div>
 </body>
</html>
