2918 4664
205 245 337 302 xxxlm
680 239 852 309 Praefatio.

246 420 363 501 Quibus
383 438 456 485 uero
475 419 606 484 uinculis
626 416 758 483 intense
778 420 988 497 conectantnr,
1011 416 1070 482 hae
1090 415 1199 480 tabula
1218 418 1321 499 potest

204 524 366 589 illustrari:
719 607 788 667 mh.

932 1222 985 1277 GR

178 1366 181 1370 ·
203 1351 321 1425 codices
343 1349 437 1433 igitur
458 1344 549 1419 ADQ
571 1346 723 1410 artissime
749 1346 830 1409 inter
852 1363 885 1409 se
907 1345 1072 1409 cohaerent
1092 1343 1251 1428 archetypi
1273 1345 1320 1408 in-

201 1454 380 1538 tegritatem
401 1451 521 1515 fidelius
543 1468 636 1531 quam
662 1448 771 1530 reliqui
793 1451 967 1522 seruantem
989 1466 1191 1529 nequeamus
1214 1466 1319 1513 eorum

202 1557 245 1622 ita
259 1574 332 1641 prae
351 1555 475 1637 reliquis
496 1553 616 1618 excellit
629 1566 665 1617 ut
678 1552 790 1634 ubique
809 1551 924 1615 maiore
939 1550 999 1615 fide
1014 1551 1124 1635 dignm
1143 1552 1192 1632 sit,
1212 1570 1320 1633 quam·

202 1678 296 1742 quam
311 1660 341 1723 in
356 1655 387 1720 A
401 1658 591 1722 coniectmae
607 1659 637 1719 et
651 1655 901 1736 interpolationes
916 1655 1014 1719 rarius
1028 1655 1236 1738 inrepserunt3
1252 1673 1320 1719 sae-

141 1751 143 1754 ’
202 1764 271 1846 pius
290 1780 363 1826 uero
378 1762 411 1826 hi
424 1765 488 1826 tres
503 1759 621 1824 lacunis
642 1761 673 1822 et
693 1759 884 1842 singulorum
903 1758 1124 1823 uocabulorum
1140 1762 1171 1823 et
1185 1762 1320 1824 totorum

202 1883 349 1931 uersuum
372 1865 591 1943 deformantur,
615 1861 728 1945 quibus
755 1861 880 1925 alterius
902 1861 1045 1925 familiae.
1058 1860 1130 1926 libri
1151 1880 1212 1928 nou
1235 1862 1320 1927 labo-

202 1972 281 2035 rant.
318 1968 374 2034 ubi
394 1968 428 2032 hi
449 1986 523 2033 nero
545 1967 704 2048 scripturis
727 1984 746 2031 a
767 1962 858 2037 ADQ
878 1964 1064 2048 discrepant,
1086 1983 1155 2031 raro
1177 1967 1220 2030 eis
1242 1965 1319 2030 fides

201 2073 345 2138 habenda
363 2076 424 2147 est3
449 2090 523 2135 nam
536 2068 824 2153 interpolationibus
840 2073 871 2133 et
885 2071 1065 2134 correcturis
1084 2071 1184 2134 omnis
1199 2070 1319 2153 generis

202 2176 415 2259 inquinantur,
449 2191 636 2258 quamquam
669 2190 730 2238 non
761 2173 868 2238 eodem
896 2173 1008 2238 modo.
1016 2173 1173 2256 graduque
1202 2190 1319 2238 omnes.

201 2280 247 2344 ita
267 2279 388 2345 codices
404 2275 437 2342 θ
458 2281 490 2343 et
509 2276 542 2340 R
559 2278 624 2342 fere
646 2277 770 2360 gemelli
791 2295 852 2341 non
873 2279 940 2341 tam
960 2276 1088 2341 fallendi
1108 2295 1203 2359 quam
1225 2278 1320 2360 expli-

200 2383 291 2448 candi
310 2383 410 2448 studio
429 2382 519 2446 metri
533 2381 664 2445 uinculis
684 2380 793 2445 solutis
808 2379 904 2443 uerba
923 2379 1041 2445 adium
1059 2381 1206 2446 omittunt
1219 2383 1321 2445 trans·

200 2489 319 2568 ponunt
351 2485 483 2565 uariam,
516 2487 565 2566 ut
580 2483 704 2547 firmum
734 2483 971 2547 fundamentum
999 2501 1060 2566 quo
1088 2483 1199 2566 pedem
1229 2484 1319 2549 sistas

66 2649 68 2655 .
161 2615 163 2620 ·
201 2607 355 2672 nusquam
373 2578 656 2672 praebeantque
670 2585 853 2651 (lhatelamii
874 2586 980 2651 uidere
1001 2586 1075 2652 licet
1097 2589 1245 2671 exemplo,
1268 2588 1320 2670 qui

199 2692 388 2775 ubicumque
415 2710 521 2758 eorum
542 2690 725 2757 testimoniis
752 2690 824 2754 solis
851 2708 884 2766 se
910 2690 1061 2755 confidere
1086 2708 1176 2773 posse
1198 2692 1319 2774 putauit

201 2796 307 2878 lapsus
322 2798 391 2859 rest.
427 2793 614 2859 recensionis
636 2793 749 2858 indicia
770 2793 920 2874 diuersae,
947 2812 1025 2875 qnae
1052 2795 1166 2859 maiore
1192 2813 1267 2860 cura
1289 2799 1319 2859 et

202 2901 269 2963 arte
288 2898 428 2962 conlecta
441 2900 499 2978 est,
518 2897 591 2963 libri
609 2896 698 2960 ΒΕΓ
711 2895 856 2971 offerunt3
879 2897 945 2961 eius
965 2901 1071 2963 auctor
1088 2891 1318 2980 partim'bonas

201 3002 358 3084 archetypi
380 3002 545 3084 scripturas
572 3001 767 3065 conseruauit
788 2999 902 3083 partim
927 3005 1085 3084 corruptas
1109 3003 1157 3067 nel
1178 3002 1317 3067 difficiles

202 3105 345 3184 tentauit‚
365 3105 487 3188 saepius
502 3104 586 3168 felici
601 3104 775 3168 coniectura
788 3122 873 3168 usus.
911 3105 990 3187 quod
1012 3105 1063 3170 ille
1085 3105 1131 3170 ita
1151 3105 1317 3186 inchoauit‚

200 3225 256 3290 pro
282 3225 338 3272 suo
360 3207 488 3290 quisque
509 3207 632 3289 ingenio
653 3209 830 3289 persecutus
859 3211 906 3272 est
928 3212 959 3272 et
980 3209 1040 3274 duo
1065 3209 1269 3274 recentissimi
1289 3209 1322 3272 E

202 3311 238 3375 et
251 3309 282 3373 Τ
294 3313 392 3376 totam
415 3311 463 3375 sui
484 3310 631 3392 temporis
653 3309 811 3375 licentiam
832 3312 1029 3393 produnt-et
1051 3313 1183 3379 maxime
1205 3331 1318 3379 canone

202 3414 276 3479 dum
299 3417 355 3495 est,
378 3434 417 3480 ne
437 3409 602 3479 fallacibus
625 3414 734 3496 quibus
757 3413 944 3498 Tsplcndet
965 3417 1100 3482 inuentis
1121 3417 1316 3500 decipiamur.
1345 3488 1347 3491 ,

243 3517 294 3583 Ad
313 3518 452 3583 carmina
469 3535 548 3600 quae
566 3519 598 3582 in
618 3519 818 3601 appendicem
836 3520 972 3603 relegani
992 3520 1179 3607 recensenda
1197 3522 1228 3585 hi
1246 3521 1318 3586 libri

201 3622 341 3705 usurpati
363 3625 436 3686 sunt

246 3723 274 3790 1.
297 3725 335 3789 ad
355 3743 479 3789 carmen
494 3725 628 3808 primum
647 3725 692 3788 ool
714 3725 883 3811 contorpere,
903 3727 983 3809 quod
1002 3746 1038 3792 ex
1052 3727 1194 3811 Prosperi
1209 3729 1317 3794 editio·

202 3827 293 3894 nibus
314 3829 463 3912 Rosweyd
488 3829 606 3910 primns
629 3829 710 3894 inter
731 3829 854 3895 Paulini
880 3831 1018 3895 carmina
1042 3832 1166 3915 recepit,
1192 3837 1316 3915 praesto

139 4056 159 4098 τ
201 3930 336 4099 fuffi
361 4034 545 4119 Reginensis
572 4037 627 4101 lat.
643 4033 706 4100 230
732 4036 861 4101 membr.
872 4035 913 4127 *4⁰
933 4039 1003 4102 sX
1026 4036 1078 4121 (cf.
1097 4036 1316 4112 Reifferscheid

200 4133 287 4201 Bibl.
298 4148 388 4223 patr.
404 4137 460 4202 lat.
476 4137 547 4204 ital.
563 4158 593 4222 p.
609 4138 686 4222 394)
1166 4187 1168 4189 »
