2918 4664
154 308 191 373 VI
626 305 798 361 Praefatio.

154 485 277 563 uerunt,
296 481 447 565 praebent
466 484 497 545 et
515 498 623 545 reuera
641 481 763 566 magnis
783 478 1016 544 difficultatibus
1035 479 1198 544 lectionem
1214 480 1273 544 im·

156 585 295 669 peditam
322 603 399 666 esse,
425 585 506 668 quod
532 584 717 666 quicumque
743 583 855 658 librum
882 584 1080 666 inspexerunt
1105 583 1273 663 affirmant,

154 690 335 765 ostendunt3
380 689 406 752 si
433 707 510 771 quae
536 706 572 752 ex
598 688 700 753 codice
726 688 871 754 adnotaui
897 688 989 771 plena
1017 690 1160 770 certeque
1189 690 1272 769 sunt,

156 793 308 876 imprimis
331 790 504 857 Schenkelii
526 792 700 876 diligentiae
722 791 752 856 id
775 790 879 856 deberi
900 791 989 871 scias,
1011 791 1064 873 qui
1086 794 1158 874 post
1178 790 1275 855 Zach-

155 897 336 961 meistsrum
363 897 501 960 earmina
527 899 558 960 et
583 895 764 961 Ausoniana
791 897 822 959 et
846 894 1028 959 Paulinisnu
1053 894 1100 959 bis
1129 894 1274 970 contulit;

156 999 194 1063 ed
224 998 468 1065 confirmandum
497 999 799 1082 comperandumque
827 998 949 1081 Peiperi
977 997 1134 1063 adnotatio
1163 999 1274 1062 carmi·

157 1103 247 1168 nibus
270 1103 375 1167 addita
396 1105 518 1186 praesto
541 1102 647 1186 fuit*).
672 1101 817 1166 differunt
831 1118 904 1165 uero
927 1101 1105 1166 testimonia
1125 1100 1158 1164 in
1179 1101 1275 1165 leuio-

155 1205 241 1270 ribus
262 1205 443 1289 plerumque
469 1206 555 1270 uelut
576 1205 668 1270 rebus
695 1204 936 1290 orthographicis
963 1208 994 1269 ct
1016 1205 1209 1286 correcturis,
1236 1203 1274 1268 de

156 1308 269 1391 quibus
291 1307 423 1375 Schenkl
447 1309 677 1374 accuratissime
702 1309 813 1374 codicis
840 1307 969 1373 scientia
990 1307 1139 1373 imbutus
1154 1307 1274 1372 scribit:

157 1410 326 1489 Correctus
352 1422 396 1476 est
422 1412 475 1476 hic
502 1410 583 1476 liber
608 1410 756 1476 manibus
784 1409 920 1495 duobus,
947 1411 1052 1476 altera
1082 1410 1295 1497 antiquiore

159 1515 265 1580 alteru
292 1515 473 1581 recentiore:
517 1537 656 1602 quarum
677 1512 741 1580 illc
766 1537 829 1580 non
854 1516 956 1581 solum
981 1515 1128 1604 sinqulos
1151 1514 1276 1579 litteras

158 1619 212 1684 uel
234 1618 376 1707 syllabas
397 1619 595 1703 inmutauit,
617 1611 783 1707 scriptura
804 1619 941 1706 antiquo
961 1619 1150 1707 plerumque
1172 1640 1275 1702 crocu,

157 1722 212 1787 sed
231 1723 328 1788 αἰαππ
347 1722 429 1788 locos
448 1723 604 1788 eucnidos
622 1722 752 1809 refinuit
772 1746 812 1788 uc
832 1745 1069 1810 nonnumquam
1087 1723 1156 1787 suis
1177 1723 1276 1810 soiiqu

159 1826 245 1890 turis
266 1825 373 1897 illotis
394 1825 513 1891 obleuit
534 1826 594 1912 ito,
620 1837 658 1891 ut
678 1849 793 1892 munus
815 1827 969 1914 antiquae
989 1827 1129 1915 uestiqiu
1150 1826 1276 1890 omnino

158 1928 378 1996 obruerentur.
401 1968 443 1977 -
465 1930 562 1995 tertia
580 1953 695 1996 monus
711 1930 845 1996 leuiores
852 1929 928 2020 fere
946 1932 1129 2019 enipeum
1147 1929 1278 2010 anulis,-

158 2034 215 2118 etc,
235 2031 294 2097 ctu·
307 2054 401 2121 uper·
420 2035 639 2121 compenditus
656 2045 825 2099 euurctucn
843 2045 898 2120 est,
917 2036 1000 2099 hunc
1015 2034 1156 2099 litterano
1174 2055 1277 2120 supra

160 2162 290 2248 adiecit,
316 2162 422 2228 ueluti
449 2129 547 2247 ciere,
573 2173 603 2229 et
630 2164 811 2251 compendio
834 2131 863 2249 q:
889 2165 920 2228 si
941 2163 978 2229 id
1003 2164 1073 2228 uin
1093 2161 1186 2227 habet
1202 2184 1277 2249 pro·

160 2267 299 2336 nominis
314 2285 402 2351 qnae,
421 2288 524 2354 suque
543 2267 682 2332 nocolone
700 2268 917 2355 aodscripsit.
947 2287 1005 2334 nec
1019 2269 1153 2333 multum
1167 2268 1277 2351 Peiper

160 2371 262 2436 differt
293 2371 388 2455 praef.
418 2371 540 2436 XVIII:
584 2370 690 2458 ipsius
722 2371 856 2436 librarii
883 2392 998 2436 manus
1026 2370 1183 2457 quaedum
1213 2392 1277 2435 cor-

160 2473 260 2559 rcciq
292 2484 463 2561 penteres
493 2475 593 2538 trinus
613 2475 818 2562 potissimum
846 2496 960 2540 munus
988 2484 1132 2545 ueterum
1161 2490 1277 2539 coerec-

160 2589 264 2642 torum
281 2577 533 2664 conspiciuntur,
553 2600 688 2664 quocum
708 2577 946 2665 lanqoburdicis
966 2577 1083 2642 litteris
1101 2587 1277 2642 atramento

160 2703 247 2745 nunc
257 2680 450 2768 flaccescente
460 2681 600 2768 psincus,
621 2682 704 2747 alter
722 2680 951 2746 minutioribus
970 2679 1207 2768 strionibusquc
1227 2681 1278 2744 lit·

162 2785 241 2849 teris
263 2795 307 2849 est
328 2807 423 2865 usus;
458 2785 573 2849 tectius
594 2783 805 2873 grossioribus
827 2795 921 2871 atque
942 2807 1004 2848 non
1026 2785 1106 2849 satis
1131 2784 1278 2872 elequenti-

163 2886 220 2953 bue
242 2898 272 2953 et
292 2888 421 2953 mundis
441 2899 560 2952 mium
578 2889 769 2974 inquinasset
789 2899 883 2974 atque
903 2888 1102 2974 sicquidem
1124 2888 1278 2953 euonidos

165 2991 247 3056 locos
269 2991 319 3057 ito
332 3013 433 3078 saepe
454 2991 592 3076 refinxit,
614 3002 651 3056 ut
667 2992 831 3079 pristinus
852 2993 1034 3080 scripturae
1059 2993 1197 3080 uestiqia
1218 3014 1278 3055 orn-

163 3095 240 3158 nino
267 3093 483 3160 obruerentur.
511 3133 553 3143 —
579 3095 702 3160 accedit
727 3106 847 3181 quauta
872 3118 985 3160 monus
1007 3097 1171 3170 recentior,
1197 3118 1278 3181 quae
1306 3135 1307 3138 =

163 3200 199 3262 in
219 3221 252 3263 eo
272 3209 404 3263 uersata
422 3209 466 3263 eet
485 3199 631 3277 macinae,
651 3209 688 3263 ut
707 3199 884 3287 conpascuis
899 3199 1021 3264 leuaret
1041 3199 1159 3264 litteris
1176 3221 1279 3285 saqrru

162 3301 346 3368 scribendis.
390 3323 460 3369 cum
487 3307 675 3370 correcturae
701 3304 878 3369 recentioris
905 3306 956 3369 uel
982 3303 1092 3369 tertiae
1114 3320 1224 3369 manus
1246 3305 1279 3368 in

162 3407 354 3473 Paulinianis
376 3411 458 3472 certe
479 3408 564 3473 nullo
587 3407 679 3473 ullius
702 3408 891 3473 auctoritatis
915 3411 1018 3474 essent
1038 3408 1115 3490 loco,
1136 3409 1192 3473 hes
1215 3409 1279 3491 ple·

163 3530 294 3594 rumque
321 3512 452 3595 neglexi,
481 3530 561 3594 quae
586 3512 686 3595 prima
715 3530 825 3576 manue
852 3510 984 3591 exhibet,
1014 3513 1117 3577 omnia
1146 3512 1279 3592 enotaui,

163 3617 223 3680 nisi
237 3615 319 3698 quod
338 3637 353 3678 e
371 3633 427 3699 pro
446 3636 494 3698 ae,
516 3634 539 3677 u
557 3633 613 3698 pro
632 3611 650 3676 h
670 3619 701 3679 et
720 3614 833 3679 similia
852 3613 943 3679 scribi
962 3615 1083 3680 selectis
1102 3617 1177 3680 locis
1197 3632 1280 3679 corn-

164 3720 328 3784 memorari
350 3720 424 3783 sctis
448 3738 516 3783 esse
537 3719 651 3802 putaui.

206 3883 229 3951 *l
247 3880 426 3936 contuleruut>
443 3880 560 3935 codicem
581 3883 668 3935 totum
689 3880 733 3934 uel
753 3882 841 3950 partes
863 3881 919 3935 eius
940 3879 970 3936 L.
986 3881 1097 3936 Mueller
1118 3897 1187 3936 suno
1205 3883 1280 3948 1868,

164 3968 302 4024 A.Holder
312 3970 386 4033 1867,
398 3967 428 4022 0.
434 3967 487 4022 Axe
497 3970 570 4032 1872,
584 3968 624 4022 W.
633 3967 757 4032 Euander,
769 3967 804 4022 H.
813 3967 834 4021 1.
844 3967 962 4034 Mueller,
973 3968 1111 4038 R.Pciper,
1123 3966 1152 4022 C.
1159 3966 1280 4032 Schenkl,

165 4055 378 4110 insumentes
400 4057 474 4120 1875,
497 4054 571 4109 hem.
587 4055 719 4110 Baehrens
742 4057 815 4119 1876,
838 4054 873 4109 II.
886 4054 1000 4110 Mostene
1025 4057 1099 4120 1879,
1121 4053 1149 4110 O.
1168 4053 1281 4108 Schenkl

165 4141 262 4195 iterum
290 4143 363 4205 1881,
393 4139 488 4210 Peiper
513 4141 610 4195 iterum
633 4143 706 4199 1884.
746 4137 855 4194 Holderi
882 4143 909 4194 et
934 4141 1117 4195 Zechmeisteri
1143 4139 1281 4194 collatione

165 4226 279 4281 Schenkl
297 4242 359 4280 usus
377 4229 424 4291 est,
441 4226 475 4281 Η.
488 4225 510 4281 1.
522 4225 642 4281 Muelleri
658 4226 759 4295 Peiper.
790 4225 829 4280 Oi.
842 4225 936 4296 Peiper
952 4225 1033 4295 praei.
1045 4242 1071 4295 p.
1084 4225 1196 4279 XVIIII.
