2918 4664
154 273 215 345 158
480 292 949 365 a.1²aulinrrr01aniepieeopi

253 467 308 530 illa
328 465 451 531 rebellis
473 469 505 531 et
525 467 670 561 humanis
692 485 755 533 non
777 467 902 534 subdita
922 470 1032 535 uinolie

255 569 377 634 ducitur
399 570 438 634 ad
459 570 612 653 placidam
635 571 720 637 nullo
741 572 910 638 luotamiue
933 577 1078 650 mortem3

254 673 440 739 intemerata
462 674 542 759 iugis
565 674 751 741 submittens
774 671 984 758 oolla'seeuri,

171 784 232 840 435
255 776 442 861 pauperibus
464 778 585 844 foetura
606 778 690 844 eibos
713 779 751 850 de
773 797 898 864 eorpore
920 797 1019 862 oaeeo,

254 880 337 946 laeta
359 899 451 946 suum
472 881 574 947 fundit
595 882 790 948 dominomm
811 883 844 948 in
866 887 939 949 uota
960 901 1110 950 eruorem.

254 1003 401 1068 quorsum
412 987 529 1050 istaes?
542 987 692 1068 numquid
702 987 857 1070 peoudum
872 991 928 1069 est,
944 991 979 1052 ut
994 988 1151 1071 apostolus
1162 989 1271 1071 inquit,

255 1106 328 1154 eura
349 1089 505 1154 deorsed
526 1089 579 1180 qui
600 1094 724 1174 propter
746 1109 802 1156 nos
825 1092 929 1156 omnia
949 1092 1032 1173 feeit,

254 1192 359 1258 omnia
380 1210 435 1277 pro
458 1193 547 1258 nobis
570 1197 713 1276 operatur
734 1195 770 1260 in
789 1195 934 1260 omnibus
956 1199 1062 1261 auetor

170 1304 232 1360 440
255 1299 347 1379 atque
367 1317 424 1380 per
445 1297 569 1381 ignaras
591 1299 724 1381 peeudee
747 1299 906 1382 operantia
928 1299 1039 1365 nobie.

114 1408 116 1412 ’
254 1400 344 1484 signa
365 1401 449 1482 fauit,
471 1399 581 1466 brutas
603 1420 658 1485 per
680 1401 764 1467 elara
784 1403 919 1488 insignia
940 1405 1061 1468 mentes

254 1504 424 1570 sollicitans
447 1504 570 1570 firmare
592 1504 685 1571 fidem
708 1509 739 1570 et
760 1506 912 1571 oonfidere
934 1525 1018 1588 uero,

254 1612 289 1673 ut
312 1609 472 1674 dominum
491 1597 607 1674 ‘deeius
629 1610 745 1694 linguis
767 1610 800 1675 in
822 1610 918 1675 uerba
939 1611 1047 1676 solutis

255 1731 317 1778 non
339 1716 464 1778 taeeant
485 1713 636 1794 homines,
660 1732 754 1796 quem
776 1715 872 1798 signis
895 1718 983 1780 muta
1003 1714 1179 1798 loquuntm.

669 1975 752 2040 XXI.

257 2128 394 2195 Candida
416 2147 475 2214 pax
496 2133 585 2214 grata
607 2130 696 2196 nobie
718 2131 786 2196 uiae
807 2131 954 2213 temporis
977 2148 1093 2196 annum

254 2236 326 2317 post
346 2233 465 2298 hiemes
488 2237 572 2298 aetas
595 2234 762 2317 tranquillo
784 2234 901 2299 lumine
924 2235 1008 2300 duait

256 2338 471 2421 signatamque
493 2338 574 2403 diem
597 2338 697 2402 saneti
718 2337 830 2403 Felieis
852 2339 967 2404 honore

256 2441 373 2506 seeuris
396 2441 492 2525 aperit
515 2442 645 2525 populis.
668 2441 802 2526 gaudere
824 2442 941 2507 serenis

217 2554 235 2609 5
258 2544 413 2611 mentibus
436 2544 577 2611 abstersa
598 2546 656 2610 diri
677 2545 807 2631 ealigine
828 2545 904 2611 belli

256 2651 365 2715 suadet
387 2667 483 2716 ouans
505 2649 601 2731 Felix,
625 2650 696 2733 quia
717 2650 801 2734 paeie
825 2651 942 2734 etipse
964 2653 1112 2734 patronus

256 2772 327 2819 eum
349 2754 487 2839 patribus
509 2753 606 2818 Paulo
629 2758 725 2836 atque
741 2753 833 2819 Petro
860 2757 892 2818 et
918 2771 989 2818 oum
1011 2753 1159 2818 iratribus
1181 2753 1273 2817 almis

256 2856 443 2941 martyribus
465 2876 571 2942 regem
593 2876 702 2942 regum
724 2858 862 2923 exorauit
883 2857 982 2922 amieo

256 2961 383 3027 numine
404 2961 536 3026 Romani
557 2961 722 3045 producere
744 2965 885 3045 tempora
905 2961 993 3045 regni

198 3075 237 3129 10
258 3065 471 3149 instantesque
493 3065 588 3132 Getas
610 3065 685 3149 ipsis
707 3066 769 3130 ium
791 3065 931 3131 saueibue
953 3063 1039 3129 urbis

256 3169 370 3253 pellere
393 3173 422 3235 et
445 3169 572 3234 exitium
594 3188 650 3234 seu
672 3169 797 3234 uinoula
817 3171 938 3233 uertere
960 3168 992 3233 in
1014 3169 1108 3250 ipsos,

258 3273 309 3356 qui
332 3273 557 3339 minitabantur
578 3272 726 3338 Romanis
748 3272 858 3338 ultima
878 3272 992 3356 regnis.

257 3395 339 3442 nuno
360 3377 454 3461 igitm
475 3378 565 3462 pulsa
586 3377 749 3443 formidine
771 3379 807 3440 ut
827 3375 977 3440 imbribus
1000 3373 1077 3438 aetis

147 3556 149 3559 ,
256 3482 407 3566 respicere
430 3482 572 3566 expulsae
595 3480 703 3562 nubes,
726 3479 902 3564 praesentia
922 3496 1026 3543 rernm

256 3687 318 3758 438]
337 3687 362 3756 (Ι
379 3686 437 3744 Gor.
449 3691 475 3754 9,
487 3689 521 3756 3).

197 3881 249 3936 434
266 3879 408 3934 sumittene
425 3879 455 3935 Ε
503 3879 553 3934 437
572 3893 684 3947 quornm
701 3879 728 3933 A
784 3879 835 3933 440
847 3860 957 3946 'ignoras
974 3877 1008 3944 A,
1026 3875 1129 3945 ignotas
1146 3875 1221 3933 Mur.
1240 3905 1275 3916 —

155 3967 262 4045 explioit
278 3965 432 4021 undecimus
449 3966 513 4021 AD.

198 4049 268 4107 XXI.
287 4053 374 4109 ΔΒΕ
389 4081 422 4092 -
439 4051 534 4120 ineipit
545 4049 714 4106 duodecimus
726 4051 790 4119 AD,
808 4049 902 4120 incipit
918 4048 985 4104 liber
996 4047 1080 4104 XIII·
1100 4048 1130 4104 A
1178 4050 1205 4101 Δ
1214 4051 1275 4106 aab

156 4141 266 4204 37-33,
283 4140 427 4204 aar-356,
444 4139 588 4204 361-364,
606 4138 742 4194 633-335
806 4136 914 4193 lnobie
931 4137 967 4205 E,
985 4136 1105 4192 oua-AD
1166 4134 1276 4191 boiam

156 4227 246 4283 oru.A
297 4227 481 4294 signatumque
491 4225 535 4294 pio
548 4226 621 4280 Mur.
675 4226 706 4280 10
717 4224 876 4293 gaetaeAD
928 4224 960 4279 13
971 4223 1013 4292 ut]
1024 4224 1052 4276 et
1062 4223 1135 4278 Mur.
