2918 4664
497 301 623 339 carmen
639 284 754 352 Xllllll,
772 288 897 342 45-102.

447 460 486 524 ad
508 462 587 526 hanc
609 480 698 544 opem
721 466 895 544 parauerat,

315 572 352 627 75
397 568 431 628 ut
453 583 528 646 quos
551 566 589 631 ab
611 566 665 631 illa
686 566 776 650 plebe
800 567 1013 650 nauigantium

448 687 570 734 seruare
591 670 719 753 legisset
742 670 826 751 deus,

397 773 566 857 susciperet
587 774 650 855 illa,
673 792 751 856 quae
773 774 811 839 ad
834 775 1043 840 dehiscentem
1066 776 1143 840 mari

448 878 581 942 classem
602 878 770 943 adnatabat
792 880 973 944 comminue.

397 982 477 1046 hana
499 981 564 1065 ipse
587 983 674 1047 nanis
696 985 796 1048 rector
819 986 850 1047 et
871 1002 942 1047 cum
963 984 1052 1050 litore

313 1094 353 1148 80
447 1086 479 1148 in
502 1086 565 1150 alta
586 1087 685 1168 primo
709 1087 851 1167 solueret,

398 1188 589 1253 Nouatianus
612 1189 674 1270 ille,
697 1190 857 1255 discissam
881 1190 973 1254 fidem

449 1294 481 1357 in
504 1294 593 1358 corde
615 1299 741 1376 portans
765 1296 923 1378 naufrago,

399 1397 490 1462 homo
513 1399 621 1462 mortis
643 1397 773 1484 (itaque)
795 1402 827 1462 et
849 1404 921 1481 apta
942 1400 1034 1465 morti
1056 1401 1203 1483 cogitans,

451 1501 487 1565 de
510 1519 594 1566 more
616 1499 716 1566 uoluit
738 1519 803 1583 suo,

317 1613 356 1669 85
401 1610 436 1669 ut
459 1610 539 1671 esset
561 1625 689 1671 onerum
710 1607 818 1689 portio.
841 1607 874 1671 in
896 1625 1008 1672 nauem
1031 1627 1118 1673 suam

451 1713 593 1793 properat
615 1711 720 1775 statim
743 1712 956 1792 conscendere,

401 1817 432 1878 et
454 1833 524 1878 cum
546 1815 660 1897 periclo
683 1816 885 1899 stringeretur
906 1817 1026 1897 ultimo,

451 1919 577 1983 molitus
601 1923 650 1984 est
673 1920 832 2003 expellere,

401 2025 436 2086 nt
457 2022 531 2087 lune
553 2026 654 2107 rupto,
677 2041 736 2106 qno
759 2024 942 2088 cohaerebat
963 2025 1032 2105 rati,

319 2135 358 2189 90
454 2126 660 2191 dimitteretur
683 2129 814 2209 aequori.

402 2231 454 2294 sed
477 2230 678 2313 plurimorum
700 2249 776 2295 uoce
797 2233 899 2296 uictus
922 2232 1012 2297 obuia

453 2334 491 2398 ab
514 2338 643 2416 utroque
666 2336 780 2400 mansit
801 2336 921 2416 inritus,

402 2438 473 2519 qnia
495 2438 692 2520 praeualebat
713 2440 850 2504 omnium
873 2441 1026 2504 sententia

453 2545 577 2606 auctore
601 2542 721 2608 Christo
744 2543 861 2624 fortior,

319 2654 358 2707 90
404 2649 438 2709 ut
460 2664 530 2710 mon
552 2645 669 2711 salubri
690 2646 783 2712 barca
805 2647 942 2732 perfugio
964 2648 1043 2713 foret

453 2750 549 2832 puppi
571 2753 726 2832 superstes
749 2751 885 2816 obrutae.

402 2852 551 2917 inusitata
573 2853 716 2938 naufragi
736 2854 830 2918 facies
855 2858 929 2934 erat,

454 2975 537 3021 mors
560 2956 675 3021 nanitis
697 2976 755 3039 pax
779 2959 927 3040 aequoris.

404 3061 478 3125 foris
501 3060 611 3125 silebat
632 3062 664 3124 in
685 3061 763 3126 freto
787 3063 1001 3144 tranquillitas,

302 3172 362 3227 100
456 3166 488 3228 in
511 3182 590 3229 naue
613 3168 781 3249 tempestas
804 3169 887 3231 erat.v

406 3287 468 3333 non
490 3287 563 3333 saxa
585 3270 726 3350 classem,
750 3288 809 3334 non
831 3270 966 3352 procella
986 3270 1134 3354 fregeram

458 3373 510 3436 sed
533 3373 581 3437 his
605 3377 744 3438 uetustas
767 3374 872 3438 fortior

195 3615 227 3668 77
247 3628 311 3681 quae
329 3612 362 3666 ad
380 3617 448 3688 scat.
462 3614 644 3681 chbmea'stcr,
662 3628 728 3681 quea
745 3614 774 3681 0,
793 3629 842 3681 quc
861 3616 895 3682 Β,
914 3630 1007 3682 quaec
1058 3614 1230 3669 dihiscentem
1243 3616 1269 3669 Β

153 3703 186 3754 79
207 3699 296 3759 littore
314 3701 341 3754 Β
426 3702 460 3756 83
482 3701 569 3768 itaque
588 3701 692 3770 addidi,
715 3719 765 3755 ona.
782 3700 857 3756 BOc
947 3702 980 3756 84
998 3700 1084 3754 noluit
1100 3716 1147 3755 suo
1164 3703 1270 3771 reapse,

154 3802 203 3839 suo
221 3786 306 3840 uoluit
323 3787 398 3842 BOo
483 3790 516 3843 85
534 3803 589 3840 csse
607 3787 634 3841 B
717 3786 756 3857 in]
776 3790 802 3840 et
819 3790 882 3855 fort.
962 3790 996 3844 86
1013 3803 1089 3840 suam
1105 3791 1228 3858 properat
1244 3790 1270 3843 Β

153 3876 350 3946 01003000.
368 3874 398 3943 0,
416 3876 497 3930 stato
549 3877 582 3931 88
600 3874 717 3928 mollitus
735 3874 865 3929 ultimoB
918 3876 951 3930 89
963 3891 1014 3943 quo
1026 3875 1116 3932 omO
1167 3878 1198 3933 91
1212 3875 1270 3946 sed]

154 3975 181 4013 se
199 3961 226 4015 Β
295 3963 328 4016 93
346 3959 441 4029 quaB
510 3963 543 4016 95
560 3960 680 4036 bartaO
748 3965 781 4017 97
798 3954 978 4016 inuisitataO
1050 3961 1181 4030 naufragii
1198 3962 1272 4018 BOo

154 4045 248 4101 farcies
265 4048 292 4102 Β
344 4049 377 4104 98
395 4048 492 4102 nauitis
510 4050 578 4104 coni.
593 4048 772 4116 Zeebmeietcr,
791 4048 865 4101 nauis
882 4048 942 4117 ΒΟ,
960 4048 1035 4102 nauis
1053 4051 1106 4104 etc
1157 4053 1190 4105 99
1207 4049 1272 4104 ioris

155 4131 249 4188 silebat
266 4136 371 4203 seipsi,
389 4133 441 4188 fori
458 4133 559 4188 solebat
576 4135 611 4202 B,
629 4134 692 4188 foris
710 4134 798 4187 olebat
819 4135 849 4201 0,
867 4127 935 4187 foris
948 4134 1056 4189 sedebat
1072 4155 1088 4190 0
1147 4139 1192 4192 191
1212 4151 1272 4204 pro·

157 4219 214 4273 0910
228 4219 343 4288 fregerat
364 4221 395 4290 0,
411 4220 538 4290 procellas
557 4224 659 4290 regerat
676 4224 703 4276 Β
756 4224 804 4276 102
822 4221 918 4275 soncior
935 4224 1052 4277 astruebas
1070 4224 1097 4276 B

206 4315 267 4356 xxx,
277 4315 360 4358 Paulini
373 4315 420 4358 llol.
430 4315 529 4357 camina.
1090 4312 1126 4360 19
