2918 4664
153 298 218 366 330
480 316 506 372 8.
518 316 649 373 Paulini
665 317 784 371 Nolani
801 317 944 386 episcopi

255 494 310 558 scd
331 494 409 558 nihil
430 494 535 558 inueni
557 493 668 558 melius
690 510 784 575 quam
806 493 930 558 credere
953 491 1083 557 Christo.

255 599 331 663 hacc
352 617 409 681 ego
430 599 566 681 disposui
587 598 649 662 leni
671 596 843 662 describere
865 614 968 677 uersu,

215 711 233 766 5
256 708 288 767 et
309 721 347 766 ne
369 702 530 785 displiceat
550 702 632 783 quod
653 702 730 766 talis
750 702 888 765 carmina
908 720 1020 785 pango,

255 806 357 871 Dauid
379 804 445 889 ipse
466 806 559 870 deum
581 806 739 870 modulata
759 823 834 869 uoce
855 808 985 889 rogauit,

254 928 315 993 quo
337 928 393 975 nos
415 911 554 992 exemplo
576 927 630 993 pro
652 910 773 993 magnis
795 927 892 993 parus
913 928 1070 990 canemus,

255 1013 391 1078 dieentes
413 1032 492 1096 quae
514 1017 588 1078 suut
607 1013 754 1096 fugienda
775 1014 931 1095 sequenda
952 1015 1090 1094 colenda,

255 1136 326 1182 cum
348 1120 452 1182 tarmu
474 1119 505 1181 in
528 1118 646 1182 cunctis
669 1120 700 1181 et
720 1137 769 1181 res
792 1121 824 1181 et
845 1135 939 1181 causa
960 1118 1115 1200 probetur.

197 1230 235 1284 10
257 1222 417 1292 Iudaicum
438 1222 537 1305 primo
559 1221 707 1305 populum
730 1241 787 1286 nec
808 1223 910 1305 gratia
931 1224 1029 1286 mouit

255 1327 334 1390 mira
355 1325 418 1401 dei;
441 1344 514 1390 uam
536 1329 603 1390 tum
625 1326 779 1390 Pharaoni
800 1329 923 1409 ereptus
944 1326 1049 1408 iniquo

255 1435 287 1494 et
308 1447 394 1498 mare
416 1433 628 1516 transgressus
649 1430 779 1514 pedibus
801 1431 924 1495 lucente
946 1432 1099 1511 columna,

255 1552 326 1599 cum
348 1534 425 1599 duos
446 1534 498 1618 qui
520 1534 620 1617 mergi
641 1533 770 1599 infestos
793 1534 872 1599 uidit
893 1538 1052 1617 equestres

255 1648 287 1701 et
307 1637 357 1703 cui
378 1639 505 1703 desertis
528 1638 604 1702 nihil
626 1656 774 1720 umquam
797 1637 894 1703 defuit
915 1640 1009 1722 agris,

197 1751 234 1806 rt
257 1743 375 1808 Manna
396 1742 446 1807 coi
467 1762 484 1807 o
505 1743 590 1807 caclo
613 1745 644 1806 et
665 1742 734 1807 ione
757 1741 795 1806 de
816 1762 892 1826 rupe
913 1744 1058 1824 cucurrit,

254 1847 420 1932 posthaec
441 1846 506 1931 ipse
528 1847 621 1912 deum
642 1851 850 1931 praestantem
874 1851 961 1912 taum
982 1849 1117 1931 negauit,

256 1951 390 2032 dumque
411 1950 494 2015 aliud
517 1969 632 2015 numen
653 1951 791 2015 dementi
812 1955 934 2033 pectore
956 1953 1085 2032 quaerit,

257 2054 379 2139 ignibus
400 2053 534 2118 incensis
556 2054 638 2136 quod
659 2055 746 2119 misit
767 2054 898 2138 perdidit
921 2073 1042 2118 aurum.

259 2177 314 2242 par
335 2175 456 2242 quoque
477 2176 632 2242 paganum
654 2159 771 2242 lapides
794 2177 870 2241 quos
893 2159 1007 2241 sculpit
1028 2159 1136 2223 adorat

196 2273 236 2328 20
260 2267 291 2328 et
312 2263 386 2328 iacit
406 2262 471 2347 ipse
494 2261 553 2327 sibi
575 2263 656 2352 quod
678 2262 790 2328 debeat
811 2263 877 2345 ipse
899 2265 1018 2327 timere.

255 2371 323 2432 tum
345 2367 510 2432 simulacra
531 2367 605 2432 colit
626 2385 705 2450 qnae
727 2368 771 2431 sic
793 2386 829 2431 er
851 2385 921 2431 aere
942 2366 1064 2451 figurat,

255 2475 299 2552 ut,
321 2471 443 2553 quando
464 2470 589 2536 libitum
611 2474 668 2551 est,
691 2471 795 2536 mittat
816 2471 972 2535 confracta
993 2474 1136 2535 monetae

256 2580 311 2641 aut
331 2576 431 2660 magis
453 2576 484 2640 iu
507 2575 624 2659 species
647 2577 809 2639 connertat
830 2593 920 2658 saepe
942 2574 1109 2658 pudendas.

255 2681 327 2746 hinc
348 2681 477 2745 miseras
498 2683 615 2744 mactat
635 2678 767 2763 pecudes
789 2681 971 2761 mentesque
993 2679 1129 2758 deorum,

194 2793 234 2848 aa
256 2801 333 2867 quos
354 2787 445 2867 putat
465 2783 566 2863 irasci,
589 2783 686 2847 calido
708 2783 740 2847 in
762 2782 907 2865 pulmone
929 2781 1058 2863 requirit

256 2890 349 2970 atquc
371 2886 504 2952 hominis
526 2886 625 2952 uitam
647 2886 764 2970 pecoris
787 2886 825 2950 dc
847 2888 945 2950 morte
966 2887 1117 2968 precatur.

257 2991 330 3074 quid
351 2991 431 3074 petit
452 2991 570 3074 ignosci
592 2990 714 3054 neniam
734 2989 790 3072 qui
813 2989 963 3073 sangnine
984 2988 1104 3072 poscit?

257 3096 332 3160 illud
355 3095 438 3159 onim
460 3096 550 3177 quale
573 3098 629 3176 est,
656 3112 750 3176 quam
778 3095 907 3158 stultum
929 3111 1063 3175 quamue
1086 3093 1273 3157 notandum!

258 3219 328 3264 cum
352 3199 426 3263 deus
449 3198 642 3281 omnipotens
664 3199 821 3263 hominem
843 3197 1022 3262 formauerit
1042 3196 1127 3276 olim,

196 3313 236 3368 80
258 3304 351 3368 audet
372 3303 463 3367 homo
485 3302 619 3367 formare
640 3303 747 3376 deum3
770 3321 809 3366 ne
830 3301 960 3365 crimina
981 3300 1093 3380 desint,

256 3408 339 3472 hunc
361 3406 454 3471 etiam
477 3405 593 3487 uendit,
615 3405 775 3471 dominum
798 3405 857 3469 sibi
879 3407 1037 3487 comparat
1058 3406 1186 3487 emptor.

259 3623 303 3693 15]
321 3623 376 3691 (Er.
391 3625 423 3679 16
440 3625 467 3676 et
486 3623 535 3691 17).
590 3621 633 3690 lt]
651 3621 706 3688 (Er.
720 3621 771 3689 32).

198 3824 394 3882 doonsoribere
411 3824 485 3880 Mar.
573 3821 722 3878 5carmine
740 3823 807 3876 coni.
824 3822 900 3877 Vonlc
984 3836 1070 3890 pango
1087 3821 1156 3876 coni.
1173 3821 1274 3886 0sbler,

156 3911 243 3983 pando
260 3912 317 3967 AD
331 3909 407 3968 Vertit
475 3909 588 3966 odeum
610 3906 693 3976 Vertit,
718 3907 854 3961 domiuum
872 3908 936 3974 AD,
954 3905 1057 3975 chelym
1075 3907 1149 3962 Matr.
1218 3907 1275 3976 ipse

156 3997 243 4054 Dauid
262 3997 398 4052 dominum
416 4000 483 4054 coci.
497 3997 671 4051 chbnasiatcr
738 3995 928 4050 9cunctameu
946 3996 973 4048 A
1049 3995 1078 4048 ll
1099 3993 1200 4046 faraom
1217 3994 1276 4048 AD

158 4087 190 4142 13
208 4084 479 4140 marcescentibus.
534 4084 566 4138 14
584 4080 697 4135 nihilum
715 4096 817 4149 quoque
834 4081 907 4135 Mac.
962 4083 994 4136 18
1012 4095 1063 4146 quo
1081 4079 1145 4132 fisus
1162 4081 1206 4134 uel
1223 4095 1275 4147 quo

157 4171 217 4225 fldit
233 4172 301 4228 ccci.
319 4172 393 4226 Vocis
468 4174 499 4224 19
517 4167 627 4237 sculpsit
644 4168 717 4222 Matr.
788 4169 819 4222 21
839 4182 899 4220 oum
918 4168 985 4222 cosi.
1008 4167 1100 4222 chlcr
1168 4181 1229 4219 aera
1245 4166 1276 4220 D

157 4260 190 4315 22
209 4251 320 4312 ooniiota
337 4258 410 4313 Mar.
463 4258 494 4312 31
514 4253 634 4309 uendidit
650 4256 677 4309 A
730 4252 851 4307 dominus
869 4253 941 4307 Mur.
