2918 4664
531 329 657 367 carmen
672 313 744 378 XXI,
755 315 899 369 417-479.

261 491 291 553 15
313 488 392 553 mihi
412 506 467 572 pro
489 489 588 572 patria
608 488 748 552 5511555.
771 492 807 552 15
828 505 939 552 carnea
960 487 1049 552 nobis

176 600 238 656 450
261 594 385 657 5155515
405 593 525 676 rupisti.
549 597 583 657 tu
605 611 660 657 nos
683 593 721 656 15
742 591 813 656 labe
835 591 943 656 caduci

261 698 420 781 sanguinis
444 700 599 779 exemptos
622 700 720 761 terrae
742 695 884 779 genitalis
907 695 945 759 ab
968 713 1021 759 ora

260 801 298 865 51
320 820 417 885 genus
441 801 592 885 emigrare
614 805 702 865 tuum
726 802 757 864 et
778 799 922 864 caelestia
943 797 1064 882 magnis

259 905 360 969 fecisti
381 905 497 988 spirare
519 905 639 970 animis.
663 908 697 969 tu
719 905 886 968 stemmata
907 905 1012 967 nostra

260 1011 385 1073 mutans
407 1009 445 1073 15
466 1009 587 1091 5555515
610 1007 792 1072 mortalibus
814 1007 894 1071 inter
915 1008 1030 1071 amieos

175 1119 238 1176 455
261 1113 403 1177 caelestis
426 1113 542 1177 domini
564 1115 596 1176 et
616 1111 695 1176 libro
718 1113 839 1195 signata
859 1110 987 1194 perenni

260 1217 386 1280 nomina
407 1217 556 1281 translato
578 1215 717 1280 mortalis
739 1215 864 1298 originis
887 1217 957 1279 ortu

260 1319 355 1384 151551
375 1320 470 1384 facies
493 1320 595 1400 morti,
618 1320 803 1402 transcripta
825 1319 926 1388 saluti.

259 1423 329 1504 quid
352 1423 452 1488 simile
474 1423 521 1487 515
544 1423 648 1504 habui,
671 1442 741 1487 cum
764 1423 879 1487 dicerer
901 1440 969 1486 esse
991 1424 1123 1502 senator,

260 1527 361 1608 qualia
382 1545 465 1591 nunc
486 1521 555 1591 istic
576 1526 685 1608 habeo,
708 1545 778 1590 curn
801 1526 884 1590 dicor
906 1527 1043 1609 egenus?

175 1638 239 1694 460
305 1648 374 1695 5555
396 1630 473 1694 mihi
493 1649 548 1714 per
570 1633 617 1695 tot
637 1630 792 1695 benedicti
814 1629 957 1712 martyris
978 1629 1065 1693 aulas

260 1737 291 1798 51
313 1734 420 1818 spatiis
442 1735 560 1818 amplas
584 1737 615 1798 51
636 1734 821 1799 culminibus
844 1732 992 1798 sublimes

262 1840 293 1901 51
313 1838 432 1911 5555515
454 1826 517 1903 5115
538 1838 733 1920 laquearibus
756 1836 937 1903 ambitiosas

258 1942 393 2027 inriguas
417 1945 448 2007 51
469 1943 556 2025 55515
578 1946 610 2008 51
630 1941 799 2026 porticibus
821 1941 989 2023 redimitas,

258 2047 392 2129 5511555
414 2047 528 2129 ubique
551 2047 654 2128 simul,
677 2047 890 2130 quodcumque
911 2065 966 2131 555
987 2045 1048 2111 1515
1068 2044 1152 2110 beati

123 2215 127 2221 ,
171 2157 236 2215 455
259 2151 383 2216 nomine
405 2150 515 2216 Felicis
538 2152 648 2216 colitur
670 2151 842 2216 celebratur
862 2149 1003 2232 habetur,

258 2255 401 2320 omnibus
423 2256 455 2321 in
477 2256 586 2340 spatiis
609 2256 718 2321 155555
741 2259 787 2321 551
808 2273 887 2321 mea.
909 2255 1074 2320 55515555
1096 2253 1178 2318 ullus

258 2359 385 2424 aedibus
407 2360 491 2425 illius
513 2361 694 2425 coniunctus
717 2360 881 2424 511551155
904 2361 996 2439 55151,

259 2463 312 2544 551
333 2463 409 2528 mihi
431 2472 492 2528 non
514 2464 602 2545 55551
623 2482 673 2528 555
694 2467 799 2547 551551
820 2481 898 2528 mea.
922 2462 976 2528 sed
998 2461 1126 2544 551115
1148 2461 1207 2526 1515

257 2585 384 2632 munere
406 2586 456 2632 me
479 2568 600 2648 iactam,
623 2568 650 2632 si
671 2586 738 2632 rem
759 2567 869 2650 Felicis
891 2566 987 2631 amati

171 2679 236 2734 470
258 2671 373 2736 uisibili
394 2671 531 2755 lapidum
554 2675 636 2736 15515
658 2672 841 2737 5555555155
864 2671 976 2754 hospes

257 2775 453 2859 possideam?
476 2779 590 2857 555515
611 2777 681 2859 5155
704 2778 751 2840 551
773 2775 858 2856 mihi,
882 2773 962 2856 quod
984 2773 1062 2837 mihi
1084 2772 1170 2837 Felix

256 2879 322 2963 ipse
345 2879 494 2944 1511555
517 2879 625 2945 domus
649 2882 705 2959 551,
728 2880 760 2943 15
782 2896 841 2960 555
863 2877 1061 2942 5555515555

256 2984 322 3048 5115
344 2983 471 3048 domum
494 2981 586 3048 nullis
608 2985 765 3067 lapsuram
787 2982 925 3065 55551151
947 2982 1056 3045 annis?

255 3104 329 3150 narn
351 3086 431 3168 5551
454 3087 564 3153 11511515
586 3087 694 3151 domus
717 3089 749 3151 51
771 3104 841 3150 mea
863 3087 903 3150 511
925 3086 1044 3165 domus,
1066 3084 1132 3166 ipso

171 3197 235 3253 475
257 3190 454 3274 permittente
477 3191 526 3255 sui
546 3191 647 3256 1151155
669 3191 745 3255 mihi
767 3191 840 3254 iuris
862 3189 1011 3270 habenas,

256 3294 305 3358 his
327 3295 421 3359 etiam
442 3294 553 3378 probat
573 3295 682 3359 officiis
705 3295 831 3359 5515515
853 3297 968 3374 555155,

256 3399 378 3481 hospita
400 3399 480 3480 quod
503 3399 599 3463 socios
621 3399 653 3462 in
675 3402 757 3463 15515
778 3398 950 3480 recepimus
974 3401 1108 3462 515555

257 3519 363 3567 omnes
386 3503 450 3567 inre
472 3502 538 3585 pari
560 3501 670 3566 Fehcis
693 3503 759 3566 iura
781 3505 922 3566 tenemus

257 3604 425 3688 Pehcisque
446 3606 542 3689 patris
565 3606 681 3689 gremio
704 3606 867 3670 coniuncta
888 3606 1031 3670 fouemnr

193 3874 246 3929 458
264 3873 361 3942 spirare
372 3873 437 3941 AD,
455 3888 558 3942 5555555
571 3873 645 3928 Mar.
697 3874 748 3928 454
759 3871 865 3942 5555515
876 3873 941 3941 AD,
952 3871 1042 3941 prauis
1053 3872 1127 3933 Mar,
1179 3871 1230 3927 455
1243 3873 1270 3925 51

154 3959 237 4015 darre
247 3960 308 4014 (5511
319 3961 493 4016 chboactster
543 3959 593 4014 457
606 3958 778 4028 transscripta
789 3960 825 4026 D,
837 3957 1036 4014 tramarihtaA
1086 3957 1137 4015 458
1148 3957 1192 4011 hic
1203 3960 1267 4027 fort.

155 4043 253 4106 1155555
272 4047 337 4113 AD,
359 4044 458 4100 dicaret
479 4047 553 4103 Mar.
622 4046 673 4102 462
695 4044 834 4100 ambitiosa
855 4046 913 4100 AD
980 4045 1032 4101 464
1054 4046 1081 4098 51
1097 4043 1194 4113 ubique
1211 4044 1269 4100 AD

154 4155 342 4299 55555555
363 4115 381 4226 t
401 4159 429 4213 A
495 4158 696 4214 muraenam
717 4159 745 4214 A
811 4159 863 4213 ((5
885 4157 980 4211 naam
1005 4157 1070 4225 55,
1096 4156 1171 4212 555
1193 4157 1267 4213 555.

171 4246 202 4301 75
220 4260 266 4298 555
283 4244 311 4299 A
1270 4254 1274 4262 ·
